1469 2299
108 507 145 537 81

110 1212 149 1241 83

378 104 573 142 PLINY:
618 105 880 142 NATURAL
914 105 1147 141 HISTORY

174 210 271 244 item
289 207 455 244 decocta
473 207 605 244 alvum
622 210 741 251 sistit,
758 210 909 244 semine
928 207 1124 257 singultus
1142 207 1350 243 confestim

175 279 223 302 ex
269 272 383 302 aceto
427 266 555 302 sedat.
610 266 789 303 inlinitur
832 266 1039 309 ambustis,
1084 268 1214 302 urinas
1259 268 1349 302 ciet.

174 324 364 361 decoctae
393 338 508 361 sucus
536 325 700 374 prodest
728 324 948 367 stomacho,
976 326 1149 365 iocineri,
1179 325 1351 367 renibus,

175 386 339 420 vesicae.
395 383 493 419 haec
545 389 607 420 est
659 397 779 433 quam
832 382 1121 432 Aristophanes
1174 382 1350 432 Euripidi

174 448 319 491 poetae
363 443 483 478 obicit
526 442 773 479 ioculariter:
834 447 1003 478 matrem
1049 443 1132 478 eius
1175 454 1225 477 ne
1268 441 1352 478 olus

175 501 337 550 quidem
354 500 579 551 legitimum
596 501 839 544 venditasse,
856 500 926 536 sed
942 500 1178 536 scandicem.
1211 499 1351 536 eadem

176 565 262 595 erat
305 559 575 609 enthryscum,
615 562 644 596 si
689 562 872 596 tenuiora
916 558 1007 595 folia
1044 564 1086 595 et
1129 558 1352 595 odoratiora

174 617 354 654 haberet.
410 618 618 667 peculiaris
645 618 729 655 laus
756 621 853 661 eius,
880 617 985 667 quod
1012 616 1182 667 fatigato
1208 630 1352 654 venere

175 679 326 725 corpori
369 680 560 713 succurrit
604 682 910 726 marcentesque
954 679 1031 713 iam
1075 678 1184 712 senio
1227 678 1353 713 coitus

176 738 338 772 excitat.
394 738 499 772 sistit
530 735 720 785 profluvia
751 735 841 772 alba
872 734 1120 771 feminarum.

227 794 415 830 XXXIX.
446 795 498 831 Et
522 797 644 831 iasine
668 794 752 831 olus
775 794 955 831 silvestre
978 793 1162 837 habetur,
1185 796 1224 829 in
1247 799 1354 830 terra

176 866 332 902 repens,
373 867 462 889 cum
504 853 607 890 lacte
649 853 788 895 multo,
829 852 966 889 florem
1007 852 1085 889 fert
1125 852 1353 896 candidum,

176 911 426 961 conchylium
442 913 456 935 1
479 917 633 948 vocant.
690 917 731 948 et
751 911 866 948 huius
899 911 1040 948 eadem
1060 911 1354 948 commendatio

176 970 226 1007 ad
256 971 517 1007 stimulandos
547 973 685 1008 coitus.
741 970 863 1007 cruda
893 983 941 1006 ex
972 975 1086 1006 aceto
1115 972 1154 1006 in
1187 970 1282 1006 cibis
1312 975 1354 1006 et

176 1029 406 1066 mulieribus
435 1030 547 1066 lactis
577 1030 805 1066 ubertatem
836 1034 1027 1078 praestat.
1082 1028 1264 1065 salutaris
1293 1034 1354 1065 est

176 1087 353 1137 phthisin
377 1089 655 1125 sentientibus.
710 1088 923 1124 infantium
948 1090 1067 1137 capiti
1092 1087 1203 1124 inlita
1229 1089 1355 1124 nutrit

176 1147 362 1196 capillum
382 1150 707 1197 tenacioremque
729 1150 811 1183 eius
833 1152 967 1183 cutem
988 1146 1119 1183 efficit.

227 1205 311 1242 XL.
342 1206 463 1242 Estur
485 1212 526 1243 et
546 1206 714 1243 caucalis
736 1205 907 1242 feniculo
927 1205 1076 1248 similis,
1097 1205 1205 1241 brevi
1227 1205 1353 1249 caule,

177 1264 271 1301 flore
288 1265 470 1309 candido,
487 1265 593 1302 cordi
611 1265 729 1301 utilis.
784 1277 899 1301 sucus
916 1276 1074 1313 quoque
1093 1266 1175 1300 cius
1191 1264 1353 1308 bibitur,

176 1323 382 1361 stomacho
398 1337 593 1374 perquam
610 1323 885 1360 commodatus
904 1328 945 1360 et
962 1325 1098 1359 urinae
1116 1322 1354 1372 calculisque

178 1388 220 1419 et
240 1382 397 1419 harenis
418 1383 612 1432 pellendis
636 1388 677 1419 et
699 1384 852 1419 vesicae
874 1382 1103 1431 pruritibus.
1159 1387 1354 1418 extenuat

178 1447 219 1477 et
232 1441 358 1485 lienis,
371 1444 551 1478 iocineris
565 1444 800 1491 reniumque
814 1443 991 1490 pituitas.
1046 1453 1183 1477 semen
1197 1453 1353 1477 menses

177 1499 416 1537 feminarum
442 1501 605 1537 adiuvat
629 1500 831 1549 bilemque
858 1513 880 1536 a
906 1505 1023 1549 partu
1048 1501 1181 1535 siccat.
1236 1499 1355 1536 datur

178 1565 220 1595 et
250 1565 387 1596 contra
418 1559 609 1609 profluvia
639 1561 850 1609 geniturae
881 1560 982 1595 viris.
1038 1557 1281 1608 Chrysippus
1313 1564 1354 1595 et

177 1619 502 1668 conceptionibus
523 1631 612 1655 eam
631 1623 750 1668 putat
769 1616 948 1654 conferre
968 1616 1150 1653 multum.
1205 1618 1354 1653 bibitur

178 1679 217 1713 in
252 1680 342 1714 vino
378 1680 531 1714 ieiunis.
586 1677 764 1713 inlinitur
800 1681 842 1713 et
877 1682 1015 1713 contra
1050 1688 1203 1712 venena
1239 1678 1353 1712 mari-

178 1749 333 1779 norum,
357 1739 458 1773 sicut
484 1735 690 1772 Petrichus
715 1737 755 1771 in
779 1737 952 1772 carmine
976 1748 1047 1772 suo
1071 1734 1279 1784 significat.

248 1822 260 1841 1
284 1823 500 1863 conchylium
526 1822 678 1854 Urlichs:
712 1821 893 1853 concilium
913 1826 971 1852 aut
991 1821 1181 1860 concylium
1202 1821 1293 1852 codd.

234 1913 249 1928 ‘²
271 1909 485 1940 Acharnians
499 1911 563 1940 478
579 1921 585 1939 :
609 1907 766 1939 σκάνδικά
782 1920 837 1948 μοι
854 1907 909 1942 δὸς
924 1906 1082 1948 μητρόθεν
1099 1906 1300 1947 δεδεγμένος.

237 1952 249 1971 ‘³
272 1952 393 1993 Really
411 1963 432 1982 a
449 1953 583 1993 variety
602 1952 640 1982 of
653 1951 796 1983 scandix
813 1950 976 1991 (Scandix
990 1949 1174 1991 australis).

181 2024 251 2061 350
