1469 2299
386 134 577 170 PLINY:
625 134 883 171 NATURAL
919 133 1150 170 HISTORY

90 241 147 271 117
229 235 330 271 LVI.
362 236 444 271 Nec
481 234 595 271 huius
632 249 723 271 usus
761 248 857 284 quos
894 238 1019 271 mixta
1055 235 1138 271 aliis
1174 240 1352 283 praestat

178 310 412 333 enumerare
429 299 553 346 possit
568 297 777 339 medicina,
793 299 906 332 sicuti
925 309 996 332 nec
1011 302 1233 332 ceterorum
1251 309 1353 345 quae

176 371 265 394 cum
299 358 382 394 aliis
416 364 592 407 prosunt.
649 360 738 401 ista,
771 363 816 394 ut
848 358 1032 401 diximus,
1065 360 1231 407 ingeniis
1265 371 1351 393 con>

177 425 298 456 stant.
355 433 431 455 non
470 419 563 456 fecit
601 425 795 463 ceratum,
832 419 1088 469 malagmata,
1126 419 1353 468 emplastra,

178 481 353 531 collyria,
373 481 555 517 antidota
576 494 718 530 parens
738 481 801 516 illa
823 494 866 517 ac
886 481 1018 517 divina
1037 494 1167 517 rerum
1188 480 1354 523 artifex;

178 543 420 579 officinarum
454 542 565 583 haec,
597 545 717 579 immo
749 545 877 578 verius
909 545 1098 578 avaritiae
1129 548 1355 578 commenta

178 610 282 641 sunt.
339 610 506 640 naturae
543 605 703 653 quidem
739 617 860 653 opera
895 604 1077 640 absoluta
1112 610 1233 653 atque
1270 617 1354 653 per-

181 665 287 702 fecta
310 669 544 715 gignuntur,
568 668 702 714 paucis
727 679 775 701 ex
799 679 930 708 causa,
954 679 1031 701 non
1056 678 1105 701 ex
1128 667 1355 701 coniectura

179 728 295 763 rebus
326 727 560 777 adsumptis,
591 733 635 763 ut
665 740 757 763 suco
787 727 918 776 aliquo
947 729 1048 763 sicca
1078 732 1355 776 temperentur

181 789 230 825 ad
270 794 441 832 meatus,
482 795 552 825 aut
591 802 753 838 corpore
794 788 868 825 alio
909 791 1087 825 umentia
1127 788 1176 824 ad
1217 801 1354 824 nexus,

93 857 151 888 118
178 850 423 900 scripulatim
457 850 618 900 quidem
651 850 836 900 colligere
870 863 914 886 ac
948 853 1112 886 miscere
1146 852 1245 886 vires
1279 864 1356 886 non

178 915 430 948 coniecturae
446 911 645 948 humanae
661 926 773 961 opus,
790 912 859 948 sed
882 911 1141 961 inpudentiae
1159 917 1231 948 est.
1287 925 1356 948 nos

179 987 251 1010 nec
278 974 502 1010 Indicarum
527 975 869 1023 Arabicarumque
892 976 1083 1010 mercium
1107 979 1176 1009 aut
1201 976 1354 1009 externi

181 1037 284 1072 orbis
316 1035 559 1085 adtingimus
590 1036 818 1072 medicinas.
873 1048 951 1072 non
982 1035 1142 1084 placent
1172 1035 1356 1071 remediis

183 1103 266 1134 tam
290 1097 407 1147 longe
431 1099 648 1140 nascentia,
673 1110 749 1133 non
774 1097 885 1133 nobis
907 1099 1140 1147 gignuntur,
1164 1099 1284 1132 immo
1308 1109 1356 1132 ne

180 1159 252 1195 illis
280 1159 455 1208 quidem,
483 1159 627 1208 alioqui
655 1172 734 1195 non
759 1158 992 1195 venderent.
1048 1158 1213 1194 odorum
1240 1171 1358 1194 causa

180 1226 559 1270 unguentorumque
574 1226 615 1257 et
628 1220 872 1263 deliciarum,
885 1222 915 1256 si
929 1220 1074 1269 placet,
1088 1222 1210 1256 etiam
1224 1233 1357 1269 super-

181 1285 351 1318 stitionis
379 1285 508 1332 gratia
537 1288 734 1326 emantur,
762 1284 948 1331 quoniam
976 1287 1065 1318 ture
1092 1281 1358 1331 supplicamus

183 1349 225 1380 et
251 1350 372 1380 costo.
427 1344 598 1380 salutem
625 1344 787 1393 quidem
814 1346 898 1380 sine
924 1346 1008 1380 istis
1035 1356 1150 1393 posse
1176 1348 1358 1380 constare

181 1405 263 1495 veld
276 1406 326 1441 ob
359 1405 398 1442 id
432 1406 687 1455 probabimus
721 1411 766 1442 ut
797 1410 914 1442 tanto
946 1407 1072 1455 magis
1105 1407 1164 1441 sui
1198 1404 1358 1441 delicias

182 1472 234 1508 pu
267 1465 345 1496 eat.

96 1525 153 1556 119
232 1520 355 1556 LVII.
387 1520 465 1557 Sed
496 1521 711 1557 medicinas
743 1533 764 1557 e
794 1520 955 1557 floribus
985 1522 1359 1569 coronamentisque

184 1588 224 1618 et
254 1582 464 1619 hortensiis
495 1596 679 1632 quaeque
710 1582 952 1619 mandantur
981 1581 1130 1619 herbae
1159 1583 1359 1632 persecuti

181 1657 352 1693 quonam
383 1644 499 1681 modo
527 1643 688 1694 frugum
715 1644 965 1681 omittimus?
1006 1646 1192 1680 nimirum
1221 1649 1262 1680 et
1289 1642 1358 1680 has

229 1754 242 1768 ‘²
268 1750 300 1780 It
339 1751 364 1780 is
402 1755 462 1780 not
500 1750 588 1780 clear
627 1750 776 1781 whether
814 1749 913 1790 Pliny
950 1760 1114 1790 supposes
1150 1749 1229 1780 that
1265 1749 1361 1780 these

186 1793 392 1866 h‘natlufral”
421 1792 671 1823 combinations
698 1804 754 1823 are
782 1792 882 1823 made
910 1792 955 1833 by
983 1803 1061 1823 man
1091 1803 1128 1823 or
1156 1792 1201 1833 by
1228 1792 1361 1823 Nature

209 1846 280 1865 erse
312 1860 317 1866 .

226 1877 238 1895 ¹³
263 1878 428 1908 Remedizs
451 1887 560 1907 seems
584 1882 620 1907 to
646 1877 685 1908 be
711 1877 828 1909 dative
853 1876 935 1907 with
962 1877 1155 1917 placentz‘
1161 1880 1234 1908 ‘are
1261 1877 1359 1908 satis-

177 1921 309 1960 factory
327 1925 363 1950 to
382 1920 459 1956 (for)
478 1920 678 1951 remedies.'’

231 1969 243 1984 ⁶
265 1963 368 2003 Many
383 1963 476 1994 MSS.
491 1963 577 1993 have
591 1962 803 1999 manduntur,
819 1962 887 1993 and
904 1962 920 1993 Ι
933 1962 1095 1993 translate
1109 1961 1310 1993 mandantur
1324 1972 1361 1993 as

183 2017 203 2037 a
217 2007 348 2047 generic
363 2006 580 2045 subjunctive
595 2006 682 2037 from
698 2006 776 2037 that
791 2005 883 2037 verb.
931 2005 1179 2046 Warmington,
1194 2005 1358 2041 however,

183 2067 254 2115 378
