1469 2299
101 328 138 359 16

102 594 137 624 17

102 1075 139 1105 18

102 1503 139 1534 19

369 114 562 151 PLINY:
608 115 869 152 NATURAL
902 114 1137 152 HISTORY

164 216 277 252 nobis
304 215 533 252 docebimus
561 221 603 252 et
629 217 760 252 invisis
788 228 946 265 quoque
972 215 1104 252 herbis
1130 219 1339 253 inseruisse

164 269 354 312 remedia,
383 272 530 318 quippe
558 282 648 305 cum
675 269 890 305 medicinas
917 269 1075 306 dederit
1102 272 1221 306 etiam
1251 283 1340 306 acu-

165 323 291 359 leatis.
347 322 445 358 haec
467 325 572 358 enim
593 326 773 371 proxime
794 328 948 359 restant
966 335 1014 358 ex
1035 325 1080 359 iis
1097 336 1194 372 quas
1211 326 1339 372 priore

164 376 263 412 libro
305 378 607 419 nominavimus,
649 378 689 412 in
731 376 873 425 quibus
914 378 1007 425 ipsis
1049 376 1339 425 providentiam

164 435 333 466 naturae
350 432 445 466 satis
463 429 646 465 admirari
664 429 931 478 amplectique
949 443 1026 466 non
1044 435 1117 466 est.
1172 429 1340 466 dederat

165 496 262 532 quas
297 483 468 519 diximus
501 482 638 519 molles
672 483 848 532 cibisque
881 488 1030 532 gratas,
1063 485 1248 532 pinxerat
1281 496 1340 519 re-

164 536 298 572 media
331 538 371 572 in
405 535 566 573 floribus
601 538 766 585 visuque
800 538 883 585 ipso
919 538 1069 572 animos
1104 538 1341 573 invitaverat

167 592 288 626 etiam
301 589 450 626 deliciis
464 589 609 625 auxilia
623 592 874 638 permiscens.
906 592 1149 639 excogitavit
1161 586 1177 612 1
1190 590 1342 639 aliquas

165 648 330 691 aspectu
351 642 539 692 hispidas,
560 648 672 679 tactu
693 648 839 686 truces,
860 648 905 679 ut
925 649 1084 679 tanturn
1105 656 1183 679 non
1205 657 1340 680 vocem

167 699 286 745 ipsius
310 696 496 746 fingentis
518 696 602 732 illas
625 698 901 745 rationemque
924 696 1127 733 reddentis
1151 697 1340 733 exaudire

166 750 384 793 videamur,
409 763 459 787 ne
478 763 520 786 se
536 751 550 773 2
577 750 768 799 depascat
788 749 903 786 avida
927 749 1154 799 quadripes,
1179 763 1229 786 ne
1254 763 1337 799 pro-

165 816 276 839 caces
292 817 432 840 manus
447 805 618 852 rapiant,
634 816 684 840 ne
698 803 883 853 neglecta
899 805 1067 853 vestigia
1083 804 1271 840 obterant
1290 816 1341 840 ne

165 856 337 893 insidens
363 857 443 893 ales
467 856 672 907 infringat,
692 859 737 893 iis
761 857 977 893 muniendo
1001 857 1146 893 aculeis
1169 857 1341 906 telisque

166 910 370 954 armando,
402 910 587 947 remediis
620 916 665 947 ut
696 916 787 947 tuta
818 924 863 946 ac
894 910 1001 947 salva
1032 913 1123 947 sint.
1178 913 1235 947 ita
1267 910 1340 947 hoc

165 977 324 1013 quoque
353 964 460 1013 quod
486 967 526 1000 in
553 966 598 1001 iis
626 963 780 1001 odimus
808 963 1012 1000 hominum
1040 977 1157 1000 causa
1186 967 1342 1014 excogi-

166 1023 296 1053 tatum
320 1023 393 1054 est.

217 1071 329 1107 VIII.
359 1071 474 1107 Clara
495 1073 534 1106 in
556 1072 690 1119 primis
712 1070 984 1113 aculeatarum
1007 1083 1156 1120 erynge
1179 1076 1241 1107 est
1260 1073 1341 1107 sive

166 1127 358 1174 eryngion
379 1130 517 1161 contra
539 1130 746 1173 serpentes
770 1130 811 1161 et
833 1137 988 1160 venena
1008 1126 1140 1160 omnia
1162 1137 1340 1161 nascens.

165 1177 352 1214 adversus
368 1180 470 1215 ictus
486 1190 718 1227 morsusque
735 1177 846 1214 radix
864 1179 947 1214 eius
963 1178 1114 1214 bibitur
1129 1177 1342 1214 drachmae

165 1231 341 1280 pondere
366 1234 405 1267 in
430 1234 520 1268 vino
545 1237 628 1275 aut,
653 1234 684 1268 si
709 1231 944 1280 plerumque
968 1231 1069 1268 tales
1093 1233 1255 1268 iniurias
1279 1245 1342 1268 co-

165 1287 331 1322 mitetur
360 1291 401 1322 et
431 1284 566 1328 febris,
597 1297 646 1321 ex
676 1298 792 1335 aqua.
847 1285 1025 1321 inlinitur
1053 1284 1194 1334 plagis,
1224 1298 1342 1334 pecu-

164 1338 313 1374 liariter
353 1339 491 1375 efficax
531 1344 670 1375 contra
708 1337 941 1388 chersydros
982 1351 1027 1374 ac
1066 1351 1194 1375 ranas.
1251 1352 1343 1376 vero

163 1393 345 1428 omnibus
373 1398 511 1429 contra
534 1394 666 1429 toxica
690 1397 732 1429 et
756 1394 912 1428 aconita
935 1391 1193 1429 efficaciorem
1217 1391 1343 1428 Hera-

164 1445 285 1482 clides
312 1446 489 1482 medicus
519 1448 559 1482 in
584 1448 669 1482 iure
698 1448 846 1482 anseris
875 1445 1082 1482 decoctam
1111 1445 1340 1482 arbitratur.

166 1499 430 1547 Apollodorus
464 1499 652 1536 adversus
685 1501 818 1536 toxica
850 1512 940 1536 cum
976 1498 1103 1536 rana³
1139 1498 1342 1549 decoquit,

212 1635 224 1653 ¹
254 1635 340 1665 Ante
357 1635 569 1674 excogitavit
587 1635 663 1665 add.
681 1644 722 1665 en
742 1634 906 1675 Maylzoff.

214 1677 226 1695 ²
249 1687 284 1709 se
301 1677 388 1709 codd.
405 1690 412 1709 :
444 1678 570 1709 scilieet
587 1677 748 1718 Mayhoff.

214 1720 226 1738 ³
249 1731 355 1750 rana:
397 1720 558 1751 “videtur
582 1723 641 1750 ant
666 1730 744 1751 cum
770 1730 855 1750 rana
881 1722 1069 1760 corruptum
1095 1729 1162 1750 esse
1188 1722 1246 1749 aul
1273 1723 1344 1759 post

171 1773 252 1793 rana
270 1762 471 1794 intercidisse
488 1764 522 1794 in
539 1767 638 1794 aceto
654 1763 703 1794 vel
718 1762 780 1794 tale
796 1762 912 1803 qzcid‚'’
929 1762 1094 1803 Mayhoff.

208 1935 222 1949 ‘²
246 1930 399 1970 Mayhoff
419 1930 538 1960 thinks
559 1930 639 1960 that
662 1929 682 1942 “
697 1930 732 1960 in
754 1929 931 1970 vinegar,''
953 1939 991 1959 or
1011 1928 1207 1969 something
1228 1927 1267 1959 of
1284 1928 1344 1959 the

164 1972 258 2007 kind,
280 1973 341 2003 has
361 1972 464 2003 fallen
485 1977 547 2004 out
568 1972 658 2009 here,
679 1982 717 2003 or
736 1971 804 2003 else
823 1972 903 2003 that
923 1972 983 2002 the
1002 1975 1079 2002 text
1101 1972 1129 2002 is
1149 1975 1301 2012 corrupt.

164 2043 233 2090 306
