1469 2299
130 528 186 558 123

134 901 191 931 124

133 1115 193 1146 125

136 1381 195 1413 126

417 98 610 135 PLINY:
657 97 916 135 NATURAL
950 96 1184 134 HISTORY

211 205 328 246 ciere,
365 204 418 238 sic
455 207 496 237 et
532 201 669 236 morbo
705 201 814 249 regio
851 205 892 235 et
927 198 1151 249 hydropicis
1187 197 1388 247 prodesse,

215 259 335 292 etiarn
355 254 520 292 choleris
541 253 828 290 destillationes
848 251 1041 288 stomachi
1060 251 1240 287 inhiberi.
1297 264 1390 301 ergo

215 312 336 346 etiam
355 308 533 345 coeliacis
553 306 731 343 Philistio
749 306 874 349 dedit,
895 311 935 342 et
953 311 1109 342 coctum
1128 304 1390 354 dysintericis,

214 369 255 399 et
283 368 420 398 contra
450 360 704 397 Plistonicum
722 360 735 382 1
761 359 880 408 aliqui
905 365 945 395 et
970 361 1009 394 in
1033 364 1215 395 tenesmo
1240 364 1281 394 et
1305 371 1391 393 san-

215 418 377 465 guinem
408 414 685 451 excreantibus
715 416 754 449 in
784 415 886 455 vino,
916 412 1062 449 duritia
1091 424 1249 460 quoque
1279 423 1391 460 prae-

214 469 446 505 cordiorum.
502 467 678 503 inlinitur
715 468 896 502 mammis
931 465 1240 515 extinguitque2
1280 464 1391 501 lactis

214 528 462 572 proventum.
519 521 677 557 auribus
718 519 970 556 utilissimum
1013 517 1238 561 infantium,
1280 530 1392 567 prae-

215 578 329 624 cipue
346 588 435 611 cum
453 574 569 623 adipe
587 575 780 610 anserino,
836 585 973 609 semen
990 574 1129 608 tritum
1148 577 1189 608 et
1205 570 1392 607 haustum

219 629 375 665 naribus
393 633 669 664 sternumenta
684 632 817 662 movet
832 626 847 649 ³
869 632 910 662 et
931 625 1219 662 destillationes
1235 637 1394 674 quoque

216 684 356 731 capitis
397 681 567 724 inlitum,
608 680 741 716 vulvas
782 685 927 729 purgat
969 681 1007 714 in
1047 679 1135 715 cibo
1176 691 1225 714 ex
1266 683 1393 714 aceto.
1437 685 1440 689 ’

218 748 398 772 verrucas
433 736 559 770 mixto
594 739 820 770 atramento
855 734 1003 769 sutorio
1037 731 1153 768 tollit.
1208 744 1396 767 venerem

220 788 412 831 stimulat,
456 787 546 824 ideo
590 789 711 823 etiarn
757 788 867 835 equis
912 787 1110 835 asinisque
1153 784 1396 821 admissurae

220 849 400 891 tempore
426 843 629 891 ingeritur.

269 895 444 932 Silvestri
485 897 611 930 ocimo
651 895 706 929 vis
748 893 939 929 efficacior
979 892 1029 928 ad
1070 891 1211 928 eadem
1251 893 1397 934 omnia,

220 948 427 998 peculiaris
451 948 501 984 ad
525 950 620 983 vitia
644 959 747 996 quae
772 946 1050 982 vomitionibus
1074 946 1219 981 crebris
1243 950 1397 981 contra-

221 1002 370 1039 huntur
394 1003 644 1050 vomicasque
669 1000 819 1043 volvae,
843 1005 980 1036 contra
1004 999 1223 1035 bestiarum
1247 1011 1397 1034 morsus

223 1069 244 1092 e
271 1058 359 1091 vino
386 1055 517 1091 radice
543 1054 820 1090 efficacissima.

271 1108 417 1145 XLIX.
447 1108 600 1144 Erucae
618 1120 755 1143 semen
772 1108 1021 1156 scorpionum
1038 1107 1200 1141 venenis
1219 1110 1260 1141 et
1278 1106 1397 1141 muris

221 1165 354 1199 aranei
378 1161 576 1205 medetur,
600 1160 787 1197 bestiolas
812 1173 948 1196 omnes
972 1162 1224 1195 innascentes
1247 1161 1398 1207 corpori

221 1222 343 1259 arcet,
360 1217 456 1251 vitia
471 1217 571 1251 cutis
589 1217 628 1250 in
645 1213 745 1250 facie
761 1227 849 1250 cum
866 1213 984 1249 melle
1000 1212 1171 1256 inlitum,
1186 1211 1399 1262 lentigines

222 1283 271 1306 ex
295 1274 423 1312 aceto,
446 1270 647 1304 cicatrices
671 1270 801 1317 nigras
825 1267 978 1303 reducit
1002 1266 1052 1302 ad
1074 1265 1286 1302 candorem
1310 1278 1399 1301 cum

222 1322 315 1359 felle
337 1322 498 1359 bubulo.
553 1324 665 1358 aiunt
688 1321 853 1357 verbera
873 1321 1059 1357 subituris
1080 1325 1219 1368 potum
1241 1332 1289 1355 ex
1310 1321 1400 1354 vino

222 1376 409 1413 duritiam
436 1375 637 1425 quandam
664 1380 801 1410 contra
827 1387 987 1410 sensum
1013 1373 1190 1409 inducre.
1245 1374 1284 1408 in
1311 1385 1399 1408 con-

223 1429 377 1467 diendis
395 1431 565 1478 opsoniis
583 1434 698 1465 tanta
717 1433 777 1464 est
795 1430 967 1464 suavitas
986 1432 1030 1463 ut
1049 1426 1191 1462 Graeci
1210 1438 1400 1462 euzomon

223 1482 523 1532 appellaverint.
578 1487 738 1531 putant,
772 1481 943 1518 subtrita
977 1493 1094 1516 eruca
1127 1482 1157 1515 si
1192 1478 1401 1515 foveantur

224 1536 338 1580 oculi,
367 1535 591 1572 claritatem
620 1537 791 1578 restitui,
834 1563 842 1570 .
885 1563 894 1571 .
937 1563 946 1570 .
987 1532 1155 1570 tussim4
1188 1531 1400 1569 infantium

273 1656 285 1674 ¹
309 1654 533 1685 Plistonioum
559 1654 672 1685 codd.:
714 1653 918 1684 plistonicus
943 1657 1033 1684 vetus
1057 1651 1157 1683 editio
1182 1656 1210 1683 et
1238 1650 1401 1691 Mayhoff‚

232 1698 265 1739 qi
285 1702 355 1737 post
375 1701 497 1728 contra
515 1697 671 1728 lacunam
686 1695 828 1727 inlicaet.

273 1741 285 1759 ²
307 1741 548 1781 extinguitque
577 1739 667 1770 codd.
695 1744 722 1770 et
750 1739 936 1779 belles-sen:
981 1738 1204 1777 exinanitque
1238 1735 1400 1776 MGthOffs

228 1783 299 1831 coll.
323 1783 528 1815 Dioscoridis
551 1781 712 1822 γάλακτος
735 1780 970 1822 προκλητικόν;
999 1779 1155 1819 elicitque
1172 1778 1254 1809 coni.
1279 1778 1400 1809 Warm-

231 1828 426 1942 aalgtogbvet
461 1870 518 1898 aut
554 1877 618 1898 om.
659 1867 772 1899 codd.:
815 1868 1000 1907 compescit
1020 1865 1176 1906 Mayhosf
1211 1864 1281 1896 coll.
1321 1864 1401 1896 Gar-

227 1923 259 1953 ffl
272 1922 394 1985 ⁴2Oltlme
414 1954 536 1984 tussim
557 1952 711 1984 lacunam
733 1952 858 1984 indicat
882 1951 1043 1992 Mayhoff.

226 2042 270 2078 72
