1469 2299
144 406 182 436 91

146 726 186 755 92

147 1313 188 1344 93

414 139 609 176 PLINY:
654 140 917 177 NATURAL
949 140 1184 177 HISTORY

214 244 393 277 recentia
417 241 749 278 commanducata
776 242 972 278 ulceribus
998 245 1037 277 in
1063 245 1195 291 capite
1220 255 1383 278 manan-

214 295 335 337 tibus,
370 297 469 331 item
505 298 581 331 oris
616 295 833 331 medentur
868 301 911 332 et
945 295 1259 339 collectionibus,
1294 309 1384 331 con-

213 347 441 397 dylomatis.
497 348 708 385 decoctum
736 348 919 384 foliorum
947 349 1140 385 ambustis
1168 354 1210 385 et
1236 349 1383 385 luxatis

213 401 389 450 prodest.
446 404 531 450 ipsa
554 401 689 438 rufant
711 402 898 451 capillum
919 407 1011 438 tusa
1033 402 1191 438 adiecto
1213 401 1383 438 struthei

213 455 307 490 mali
345 468 451 491 suco.
507 454 577 491 flos
615 457 757 504 capitis
795 455 951 491 dolores
989 455 1106 492 sedat
1143 468 1233 491 cum
1271 461 1386 491 aceto

214 508 364 551 inlitus,
384 511 484 544 item
503 509 735 545 combustus
754 511 794 544 in
813 509 936 545 cruda
956 508 1033 544 olla
1052 521 1190 545 nomas
1210 514 1326 544 sanat
1345 514 1386 544 et

214 564 490 610 putrescentia
526 562 660 598 ulcera
693 575 766 610 per
800 574 842 598 se
878 562 941 598 vel
977 575 1068 598 cum
1104 562 1235 598 melle.
1291 561 1386 598 odor

214 614 318 651 floris
340 614 499 663 oleique
516 614 530 637 1
552 628 735 651 somnum
756 614 864 651 facit.
921 615 1136 664 adstringit
1157 615 1386 664 gleucinum

216 674 257 704 et
277 667 489 717 refrigerat
510 669 829 705 eadem'ratione
850 682 930 717 qua
949 668 1251 705 oenanthinum.

265 721 432 758 XLVII.
476 721 748 758 Balsaminum
845 722 962 771 longe
1058 725 1387 771 pretiosissimum

215 777 407 817 omnium,
443 781 488 811 ut
523 778 563 811 in
598 778 817 825 unguentis
852 775 1040 818 diximus,
1076 781 1216 812 contra
1250 788 1387 811 omnes

216 834 425 877 serpentes
482 829 634 872 efficax,
683 829 887 865 oculorum
940 829 1113 865 claritati
1174 829 1389 878 plurimum

216 881 385 925 confert,
412 881 625 931 caliginem
651 882 830 925 discutit,
857 885 956 918 item
983 882 1224 932 dyspnoeas,
1250 882 1388 918 collec-

217 938 345 971 tiones
369 948 507 972 omnes
530 936 780 984 duritiasque
803 935 914 971 lenit.
970 938 1207 985 sanguinem
1231 935 1388 971 densari

216 988 416 1037 prohibet,
446 989 579 1024 ulcera
607 994 769 1038 purgat,
798 990 974 1032 auribus,
1003 991 1146 1037 capitis
1175 989 1389 1031 doloribus,

215 1042 410 1085 tremulis,
425 1045 621 1091 spasticis,
635 1045 763 1091 ruptis
777 1055 973 1091 perquam
987 1043 1098 1078 utile.
1156 1042 1391 1078 adversatur

216 1098 373 1131 aconito
390 1108 439 1131 ex
456 1096 561 1132 lacte
576 1102 733 1144 potum,
749 1095 881 1132 febres
897 1109 987 1132 cum
1003 1095 1164 1132 horrore
1181 1098 1389 1132 venientes

217 1152 420 1197 perunctis
453 1149 619 1185 leviores
653 1148 762 1185 facit.
819 1149 1017 1185 utendum
1049 1155 1186 1185 tamen
1219 1149 1390 1192 modico,

216 1205 405 1250 quoniam
424 1202 558 1239 adurit
576 1209 782 1252 augetque
800 1205 897 1239 vitia
915 1216 995 1239 non
1012 1208 1172 1239 servato
1190 1208 1391 1252 tempera-

215 1261 366 1292 mento.

267 1308 457 1345 XLVIII.
490 1309 736 1346 Malobathri
765 1322 926 1359 quoque
954 1315 1143 1346 naturam
1173 1315 1215 1346 et
1241 1322 1392 1359 genera

217 1365 485 1411 exposuimus.
541 1366 696 1399 urinam
735 1366 829 1406 ciet,
867 1363 1073 1400 oculorum
1113 1362 1313 1412 epiphoris
1352 1365 1392 1398 in

216 1418 307 1453 vino
329 1422 541 1453 excoctum
557 1416 572 1439 2
595 1417 804 1453 utilissime
827 1419 1048 1466 inponitur,
1070 1419 1171 1453 item
1193 1416 1392 1453 frontibus

268 1510 279 1528 ¹
304 1510 436 1551 oleique
471 1510 611 1548 Urlichs,
643 1511 819 1552 Dedzzfsen,
852 1510 1009 1550 Mayhofs
1021 1523 1028 1542 :
1073 1511 1129 1551 qui
1158 1510 1227 1541 olet
1261 1510 1389 1541 Ianus:

219 1552 287 1584 olet
305 1554 362 1594 qui
378 1554 467 1585 codd.

265 1596 276 1614 ²
303 1597 336 1627 in
354 1598 432 1627 vino
448 1601 627 1627 excoctum
644 1596 714 1628 coll.
732 1597 842 1628 Dio-sc.
859 1595 888 1626 I.
910 1597 947 1627 12
971 1596 1144 1635 ἀναζεσθὲν
1163 1596 1196 1627 ἐν
1212 1596 1290 1637 οἴνῳ
1307 1595 1390 1627 coni.

222 1639 397 1679 Mayhoff:
434 1639 471 1670 in
501 1644 586 1671 textu
617 1640 651 1670 in
682 1641 762 1670 vino
793 1650 989 1680 expressum
1016 1638 1192 1679 Mayhoff:
1230 1636 1308 1670 Vino
1335 1649 1391 1669 ex-

222 1692 374 1722 pressum
391 1682 500 1723 plures
516 1683 617 1719 codd„
637 1683 812 1724 Dellefsen.

260 1792 274 1806 ‘²
295 1787 366 1818 The
381 1787 571 1828 asyndeton
588 1788 680 1828 gives
695 1791 839 1828 support
853 1791 889 1818 to
905 1787 1003 1818 those
1018 1787 1093 1818 who
1109 1786 1217 1818 would
1235 1788 1320 1818 omit
1335 1787 1393 1818 the

215 1837 242 1862 el
261 1831 411 1861 between
429 1830 556 1871 polenta
574 1830 640 1861 and
659 1841 746 1861 croco
764 1832 796 1861 in
813 1831 829 1871 ξ
847 1832 897 1861 84.

261 1874 272 1892 ¹>
296 1874 395 1905 Some
413 1874 513 1904 think
531 1874 609 1904 that
631 1874 729 1913 Pliny
756 1873 816 1904 has
839 1873 1002 1904 confused
1024 1872 1207 1913 στρούθειον
1230 1873 1334 1913 μῆλον
1359 1880 1392 1912 (a

218 1917 296 1947 kind
317 1916 354 1947 of
369 1917 503 1956 quince)
521 1917 604 1947 with
621 1916 787 1956 στρούθιον
807 1921 903 1956 (soap
922 1921 1030 1952 wort).

264 1965 275 1978 ⁰
299 1960 364 1990 For
378 1960 436 1990 the
453 1959 592 1990 method
608 1959 645 1990 of
657 1961 836 2000 preparing
850 1959 1033 1999 yleucinum
1049 1969 1103 1989 see
1120 1958 1194 1991 XV.
1210 1959 1226 1998 §
1242 1959 1292 1989 29.

261 2003 274 2020 ‘¹
298 2003 358 2033 See
378 2003 581 2043 x[1.§111.

218 2075 289 2110 474
