1469 2299
93 201 153 232 119

96 681 156 711 120

100 1320 152 1350 121

383 93 575 130 PLINY:
622 93 881 130 NATURAL
916 92 1148 130 HISTORY

232 195 377 231 LXXI.
409 195 520 231 Iunci
571 194 683 231 radix
733 197 773 230 in
824 195 950 230 tribus
1001 193 1170 230 heminis
1220 206 1349 242 aquae

179 248 346 284 decocta
381 248 431 285 ad
466 250 606 284 tertias
642 250 739 284 tussi
775 248 973 284 medetur.
1027 260 1165 284 semen
1200 252 1351 283 tostum

181 307 223 337 et
258 304 297 337 in
333 315 439 351 aqua
474 307 613 350 potum
649 304 755 338 sistit
791 307 832 337 et
868 301 999 337 alvum
1036 306 1078 336 et
1113 300 1351 336 feminarum

180 368 349 391 menses.
418 357 558 404 capitis
600 355 754 391 dolores
796 354 892 390 facit
933 356 1000 403 qui
1041 359 1205 390 vocatur
1246 352 1352 389 holo-

182 408 387 445 schoenus.
443 421 546 457 quae
583 410 763 457 proxima
806 413 900 444 sunt
937 407 1059 444 radici
1097 406 1352 443 commandu-

182 468 323 498 cantur
345 461 532 498 adversus
556 474 791 497 araneorum
814 474 978 497 morsus.
1032 462 1190 496 invenio
1214 462 1353 496 etiam-

182 528 276 551 num
313 517 416 550 iunci
454 528 580 564 genus
618 514 724 564 quod
769 517 972 563 euripicen
1014 519 1170 550 vocant.
1238 513 1353 549 huius

183 571 334 604 semine
367 581 550 604 somnum
583 568 712 610 adlici,
745 573 807 604 set
838 568 1001 604 modum
1033 567 1271 604 servandum
1303 580 1353 603 ne

184 635 300 670 sopor
329 621 410 657 fiat.

235 674 402 711 LXXII.
434 675 577 711 Obiter
617 680 658 710 et
698 674 851 711 odorati
892 676 996 710 iunci
1037 673 1258 710 medicinae
1298 673 1355 710 di-

182 734 337 771 centur,
357 730 544 777 quoniam
565 734 607 764 et
626 731 664 764 in
685 727 796 778 Syria
817 728 950 771 Coele,
971 733 1016 763 ut
1035 741 1105 763 suo
1124 727 1209 763 loco
1229 732 1356 763 rettu-

182 781 311 824 limus,
337 784 523 817 nascitur.
579 781 874 817 laudatissimus
902 794 950 817 ex
978 781 1187 817 Nabataea
1212 793 1355 830 cogno-

181 837 287 871 mine
320 834 523 877 teuchitis,
556 837 758 883 proximus
792 834 1046 884 Babylonius,
1079 836 1273 883 pessimus
1306 847 1354 870 ex

182 888 318 924 Africa
338 901 383 924 ac
403 891 486 924 sine
508 888 640 924 odore.
697 894 757 924 est
779 894 917 924 autem
936 888 1144 930 rotundus,
1165 890 1325 923 vinosae
1343 888 1355 910 ¹

183 941 456 978 mordacitatis
492 942 541 978 ad
577 942 765 991 linguam.
821 944 995 978 sincerus
1030 944 1069 977 in
1104 940 1356 977 confricando

182 995 345 1031 odorem
379 1008 490 1031 rosae
525 998 675 1031 emittit
708 996 944 1031 rubentibus
976 994 1225 1043 fragmentis.
1280 994 1356 1030 dis-

182 1051 285 1084 cutit
324 1048 563 1091 inflationes,
601 1049 652 1085 ob
690 1048 729 1085 id
767 1047 972 1085 stomacho
1010 1048 1116 1084 utilis
1154 1048 1357 1097 bilemque

182 1103 450 1138 reicientibus.
506 1102 703 1151 singultus
724 1101 854 1145 sedat,
875 1107 1011 1138 ructus
1033 1107 1181 1145 movet,
1203 1103 1357 1137 urinam

183 1158 276 1198 ciet,
317 1158 471 1191 vesicae
512 1155 709 1192 medetur.
765 1155 815 1192 ad
855 1155 1069 1191 muliebres
1110 1168 1202 1191 usus
1242 1154 1358 1190 deco-

181 1211 330 1258 quitur.
386 1208 687 1258 opisthotonicis
722 1222 811 1245 cum
847 1211 977 1245 resina
1011 1207 1121 1245 arida
1155 1210 1358 1257 inponitur

187 1261 468 1298 excalfactoria
495 1265 542 1298 vi.

236 1315 425 1352 LXXIII.
457 1316 560 1352 Rosa
597 1315 825 1365 adstringit,
863 1314 1087 1365 refrigerat.
1143 1327 1236 1351 usus
1274 1316 1357 1351 eius

181 1368 372 1405 dividitur
390 1371 429 1405 in
450 1369 543 1405 folia
563 1374 605 1405 et
623 1368 738 1406 flores
759 1375 802 1406 et
820 1372 965 1418 capita.
1020 1367 1203 1405 foliorum
1222 1373 1358 1418 partes

229 1479 242 1498 ¹
266 1481 404 1510 vinosae
428 1490 502 1511 cum
526 1480 616 1511 codd.
644 1479 818 1520 Mayhoff:
857 1481 989 1510 virosae
1016 1478 1156 1515 Urlichs,
1182 1478 1358 1520 Detlefsen.

229 1624 242 1638 ⁰
265 1620 326 1651 See
362 1619 442 1650 XII.
478 1620 491 1658 ἓ
510 1620 580 1650 104.
628 1619 731 1660 Many
764 1619 891 1650 editors
925 1619 1044 1659 (subg,
1077 1619 1158 1655 Jan,
1192 1619 1358 1660 Mayhoff)

184 1662 267 1693 with
282 1662 340 1693 the
357 1663 488 1692 Plinian
505 1663 600 1693 critic
615 1662 764 1701 Urlichs)
779 1662 933 1693 consider
946 1663 1006 1693 the
1020 1665 1097 1692 text
1111 1666 1148 1692 to
1165 1661 1205 1692 be
1220 1666 1360 1702 corrupt

184 1705 263 1736 here
284 1705 353 1735 and
375 1705 486 1735 would
509 1705 631 1735 emend
653 1706 687 1736 in
709 1715 803 1735 some
824 1715 901 1745 way
923 1715 960 1736 or
981 1705 1090 1736 other.
1138 1704 1208 1735 But
1229 1705 1288 1735 the
1310 1715 1358 1735 se-

185 1758 314 1788 quence
332 1748 371 1778 of
385 1748 444 1778 the
462 1747 612 1788 thought
630 1748 657 1778 is
675 1747 813 1778 natural
830 1747 976 1788 enough.
1023 1747 1123 1787 Ph‘ny
1142 1747 1203 1778 has
1220 1747 1359 1787 already

184 1790 381 1821 mentioned
401 1801 465 1821 one
483 1790 579 1830 place
598 1790 708 1821 where
726 1790 786 1821 the
804 1790 958 1831 fragrant
977 1790 1057 1821 rush
1077 1791 1104 1821 is
1123 1794 1160 1821 to
1180 1790 1221 1821 be
1240 1790 1358 1828 found,

185 1833 253 1864 and
270 1833 311 1864 he
328 1833 406 1864 here
423 1844 500 1873 gocs
517 1844 559 1863 on
578 1837 614 1863 to
631 1834 707 1873 give
722 1833 782 1863 the
798 1833 924 1864 others.

231 1877 243 1895 ⁶
267 1876 366 1916 Pliny
394 1875 454 1906 has
481 1876 662 1916 expressed
689 1875 828 1906 himself
849 1875 1040 1916 carelessly‚
1068 1875 1120 1906 for
1146 1875 1221 1906 how
1249 1885 1311 1906 ean
1339 1886 1359 1906 a

183 1918 338 1971 fragrant
367 1919 446 1949 rusb
481 1919 520 1949 be
552 1918 697 1950 without
725 1921 847 1951 scant?
893 1918 1109 1950 Dioscorides
1138 1918 1198 1949 has
1229 1918 1272 1959 (I.
1305 1919 1359 1960 17)

183 1974 354 2002 ακρηστος-

186 2023 254 2068 248
