1469 2299
86 234 146 264 122

89 713 148 745 123

91 1087 150 1118 124

383 125 577 164 PLINY:
622 127 882 164 NATURAL
916 126 1149 164 HISTORY

225 228 372 265 LVIII.
405 229 546 265 Farina
585 242 634 265 ex
674 228 822 266 hordeo
862 234 904 265 et
941 229 1063 265 cruda
1103 235 1143 265 et
1183 229 1348 266 decocta

174 282 426 318 collectiones
466 285 720 331 impetusque
760 283 936 325 discutit,
975 282 1087 325 lenit,
1126 285 1347 332 concoquit.

175 335 412 385 decoquitur
446 336 541 372 alias
570 338 609 372 in
641 335 767 372 mulsa
796 349 900 385 aqua
928 341 998 372 aut
1033 336 1105 372 fico
1134 338 1248 379 sicca,
1278 336 1348 372 at1

174 391 354 425 iocineris
389 389 601 432 doloribus,
631 402 721 425 cum
750 402 823 438 pus
852 391 1040 438 concoqui
1076 402 1174 438 opus
1207 395 1281 432 est,
1309 391 1350 425 in

175 445 287 485 vino;
328 456 418 479 cum
446 445 550 479 inter
577 443 829 492 coquendum
856 442 1230 491 discutiendumque
1257 456 1350 479 eura

177 502 252 539 est,
280 502 375 532 tunc
403 499 442 532 in
470 502 584 532 aceto
611 496 752 532 melius
780 501 850 532 aut
876 498 915 532 in
943 495 1054 532 faece
1082 498 1184 532 aceti
1213 501 1283 532 aut
1309 499 1349 532 in

174 552 351 586 cotoneis
370 552 512 598 pirisve
531 550 704 586 decoctis
719 561 727 593 3
759 549 810 586 ad
827 549 1074 598 multipedae
1092 562 1243 586 morsus
1260 562 1350 586 cum

177 603 309 645 melle,
330 603 379 639 ad
399 606 645 651 serpentium
666 605 705 639 in
725 608 839 639 aceto
860 608 902 639 et
920 608 1057 639 contra
1077 605 1352 651 suppurantia,

175 656 225 692 ad
246 656 514 692 extrahendas
534 659 840 705 suppurationes
860 669 909 692 ex
929 670 1047 706 posca
1066 656 1203 693 addita
1222 659 1365 699 resina,

177 709 350 753 Gallica3
389 710 438 746 ad
463 712 736 746 concoctiones
762 723 853 746 vero
879 715 920 746 et
944 710 1076 746 ulcera
1100 715 1237 746 vetera
1259 723 1350 746 cum

176 765 319 806 resina,
349 763 399 800 ad
432 763 597 799 duritias
631 777 719 799 cum
755 763 846 799 fimo
875 763 1146 799 columbarum
1176 768 1246 799 aut
1279 763 1351 799 fico

176 819 275 852 sicca
311 822 381 853 aut
413 819 558 860 cinere,
592 817 641 853 ad
675 830 883 853 nervorum
917 816 1249 852 inflammationes
1281 822 1351 853 aut

175 872 456 906 intestinorum
482 870 542 906 vel
567 869 738 906 laterum
764 870 918 906 dolores
943 883 1032 906 cum
1058 883 1256 919 papavere
1282 875 1351 906 aut

174 923 365 967 meliloto,
403 929 444 959 et
480 926 664 973 quotiens
701 924 751 959 ab
787 924 938 959 ossibus
974 937 1064 960 caro
1100 923 1264 967 recedit,
1301 923 1352 960 ad

177 982 348 1013 strumas
376 990 465 1013 cum
493 979 579 1026 pice
608 982 649 1013 et
675 977 831 1026 inpubis
860 979 969 1026 pueri
998 979 1110 1013 urina
1136 990 1225 1013 cum
1251 976 1350 1014 oleo.

177 1043 267 1066 cum
293 1030 446 1066 Graeco
471 1029 562 1067 feno
587 1036 724 1066 contra
748 1030 1067 1079 praecordiorum
1090 1036 1267 1067 tumores
1290 1030 1351 1066 vel

177 1085 216 1119 in
237 1083 412 1120 febribus
433 1097 523 1120 cum
542 1084 659 1120 melle
680 1084 741 1120 vel
762 1084 879 1133 adipe
899 1089 1070 1120 vetusto.
1125 1086 1352 1133 suppuratis

178 1139 336 1173 triticea
362 1137 488 1173 farina
513 1137 639 1174 multo
665 1137 800 1174 lenior.
855 1139 983 1174 nervis
1009 1151 1098 1174 cum
1124 1136 1353 1188 hyoscyami

177 1204 270 1227 suco
293 1191 483 1233 inlinitur,
507 1204 555 1227 ex
580 1197 694 1227 aceto
717 1196 759 1227 et
781 1190 898 1227 melle
921 1191 1115 1240 lentigini.
1170 1204 1279 1234 zeae,
1302 1203 1351 1227 ex

176 1257 255 1293 qua
281 1244 420 1281 alicam
446 1245 529 1280 fieri
555 1244 740 1287 diximus,
767 1244 959 1280 efficacior
985 1247 1105 1280 etiarn
1131 1243 1353 1281 hordeacea

176 1298 347 1341 videtur,
375 1300 613 1334 trimenstris
642 1298 806 1341 mollior,
835 1311 883 1334 ex
913 1300 1002 1334 vino
1029 1298 1147 1334 rubro
1174 1298 1223 1334 ad
1251 1311 1353 1334 scor-

176 1354 338 1400 pionum
356 1354 456 1388 ictus
475 1352 613 1401 tepida
632 1357 673 1388 et
690 1354 924 1402 sanguinem
944 1352 1237 1394 excreantibus,
1254 1354 1353 1388 item

226 1421 235 1439 ¹
260 1423 360 1458 sicca,
385 1426 421 1453 at
438 1422 624 1462 Dellefsen:
655 1422 762 1453 siccat,
785 1421 868 1453 VG:
895 1421 990 1453 celeri
1012 1422 1102 1453 codd.
1124 1426 1183 1453 aut
1204 1422 1293 1453 sicca
1315 1424 1353 1452 ut

178 1469 236 1495 αιιι
252 1465 352 1495 sicca.

223 1550 236 1564 ⁰
260 1545 420 1585 Impetus,
436 1556 479 1576 an
495 1546 514 1557 “
525 1545 645 1576 attaek
657 1545 676 1557 ''
693 1545 732 1576 of
743 1545 848 1581 sever,
864 1548 942 1580 etc„
958 1546 985 1576 is
1001 1545 1083 1576 used
1098 1545 1143 1586 by
1156 1544 1255 1585 Pliny
1271 1544 1353 1576 with

177 1589 344 1629 genitives
372 1588 439 1619 like
467 1588 650 1625 vulnerum,
679 1587 856 1623 oculorum,
885 1588 954 1618 and
983 1598 1068 1618 even
1098 1587 1143 1628 by
1172 1587 1273 1619 itself.
1319 1588 1354 1619 It

177 1631 271 1661 often
296 1641 412 1662 means
437 1631 456 1643 ‘⁵
471 1631 630 1662 inflamed
654 1630 840 1671 swelling‚'’
863 1641 900 1661 or
923 1641 1008 1661 even
1034 1630 1354 1661 “inflammation’'

181 1674 260 1704 XX.
283 1675 296 1711 ξ
315 1675 364 1709 16,
385 1672 550 1705 oculorum
572 1674 713 1714 impetus
731 1689 763 1699 =
782 1673 996 1704 Dioscorides
1017 1673 1064 1704 ΙΙ.
1091 1674 1163 1709 134,
1187 1671 1354 1712 ὀφθαλμοῦ

179 1716 363 1755 φλεγμοναῖς
376 1726 386 1749 ,·
424 1722 563 1748 omnm-es·
593 1722 620 1748 et
652 1716 794 1756 impetus
824 1716 1017 1756 impositum
1048 1716 1221 1755 (thymum)
1253 1716 1334 1747 tollit
1344 1728 1352 1752 ;

180 1760 299 1790 XXII.
325 1760 416 1798 §122
440 1759 640 1791 collectiones
662 1759 865 1799 impetusque
888 1759 1032 1790 discutit.
1077 1758 1226 1790 Clearest
1251 1758 1290 1789 of
1309 1758 1354 1789 all

179 1802 325 1843 perhaps
358 1803 385 1833 is
418 1803 510 1841 §126
543 1802 581 1833 of
611 1802 731 1838 XXII,
764 1802 966 1842 impetusque
997 1801 1174 1832 rubicundi
1205 1801 1352 1833 tumoris.

179 1845 219 1876 In
251 1845 370 1876 XXII.
400 1846 488 1883 §111
521 1845 588 1875 and
619 1845 767 1876 XXXV.
797 1846 901 1884 §106‚
929 1843 1038 1875 animi
1067 1844 1209 1884 impetus
1236 1854 1353 1875 means

181 1888 201 1900 ‘⁴
215 1888 344 1918 violent
363 1888 568 1918 emotions.”

226 1930 238 1949 ὸ
261 1931 332 1961 The
349 1930 567 1961 dictionaries
584 1931 758 1971 recognize
775 1940 966 1970 concoquere
984 1930 1017 1960 in
1036 1929 1095 1960 the
1113 1940 1209 1960 sense
1228 1928 1267 1960 of
1282 1929 1303 1942 ‘⁴
1316 1931 1354 1960 to

179 1976 314 2003 mature
330 1984 373 2003 an
392 1973 562 2010 abseess,’'
581 1973 643 2004 but
661 1976 722 2004 not
738 1973 798 2004 the
814 1983 907 2004 noun
925 1972 1094 2004 concoctio.
1140 1972 1202 2004 See
1218 1975 1278 2003 too
1294 1971 1353 2003 the

179 2022 260 2046 note
282 2027 325 2047 on
349 2017 429 2055 §91.

179 2062 246 2106 382
