1469 2299
416 113 610 151 PLINY:
655 113 916 151 NATURAL
949 113 1182 150 HISTORY

143 223 185 253 66
262 215 410 251 XXXI.
440 214 560 252 Pieris
602 216 652 252 ab
694 217 837 263 insigni
879 215 1144 251 amaritudine
1186 218 1385 264 cognomi-

211 275 343 312 natur,
390 274 435 305 ut
481 269 666 312 diximus,
714 268 806 304 folio
853 269 1035 304 rotundo.
1090 268 1194 304 tollit
1241 271 1385 304 eximie

212 335 407 358 verrucas.
461 321 635 358 thesium
685 334 844 371 quoque
894 335 972 358 non
1021 321 1197 358 dissimili
1247 324 1387 358 amari-

212 376 352 413 tudine
376 381 450 418 est,
473 376 542 412 sed
565 381 713 425 purgat
735 375 880 418 alvum,
902 378 941 411 in
965 388 1083 424 quem
1108 388 1222 411 usum
1243 377 1388 412 teritur

213 442 261 466 ex
287 442 402 478 aqua.

146 489 185 519 67
264 482 434 518 XXXII.
464 481 739 531 Asphodelum
765 481 815 517 de
842 481 1064 517 clarissimis
1091 480 1317 525 herbarum,
1343 487 1389 517 ut

214 536 319 584 quod
354 535 516 572 heroion
550 535 670 584 aliqui
704 535 1006 584 appellaverint,
1043 534 1240 571 Hesiodus
1275 540 1317 571 et
1348 537 1389 571 in

213 589 316 625 silvis
339 592 443 625 nasci
466 589 580 631 dixit,
602 589 817 638 Dionysius
838 601 990 625 marem
1011 601 1055 624 ac
1077 588 1265 624 feminam
1288 601 1387 624 esse.

214 642 382 679 defectis
407 643 635 691 corporibus
661 648 702 678 et
728 640 932 691 phthisicis
958 647 1115 678 constat
1140 641 1279 678 bulbos
1307 644 1390 678 eius

215 709 303 732 cum
337 699 465 732 tisana
498 696 682 732 decoctos
715 697 919 744 aptissime
951 695 1050 738 dari,
1081 707 1308 744 panemque
1341 707 1390 731 ex

215 748 273 785 his
289 763 377 786 cum
393 749 518 785 farina
533 749 706 785 subactis
721 748 1024 785 saluberrimum
1039 761 1137 784 esse.
1193 748 1391 785 Nicander

217 809 257 838 et
284 809 422 839 contra
447 808 654 851 serpentes
681 815 726 838 ac
751 804 976 851 scorpiones
1003 801 1063 837 vel
1090 801 1244 838 caulem
1270 814 1390 851 quem

216 855 465 892 anthericum
488 858 710 892 vocavimus
733 855 793 892 vel
815 868 953 892 semen
974 855 1036 891 vel
1057 855 1197 891 bulbos
1219 854 1332 891 dedit
1352 857 1391 891 in

218 912 307 945 vino
330 911 453 946 tribus
475 909 670 945 drachmis
691 910 988 958 substravitque
1008 922 1145 945 somno
1165 914 1303 944 contra
1322 908 1392 945 hos

150 971 190 999 68
219 969 362 999 metus.
418 964 536 999 datur
562 968 603 998 et
628 969 765 999 contra
790 968 990 998 venenata
1013 964 1165 998 marina
1191 968 1232 998 et
1256 967 1394 999 contra

216 1017 493 1066 scolopendras
522 1022 743 1052 terrestres.
798 1016 955 1052 cocleae
983 1018 1080 1051 mire
1108 1018 1147 1051 in
1175 1015 1393 1064 Campania

216 1071 370 1106 caulem
408 1083 499 1106 eum
536 1075 830 1119 persequuntur
866 1075 907 1105 et
942 1069 1122 1119 sugendo
1158 1068 1391 1105 arefaciunt.

218 1123 311 1159 folia
339 1136 498 1173 quoque
526 1123 746 1159 inlinuntur
773 1128 1062 1159 venenatorum
1090 1122 1316 1159 vulneribus
1345 1135 1393 1158 ex

218 1180 319 1213 vino.
375 1177 482 1214 bulbi
519 1179 646 1213 nerxis
681 1176 935 1225 articulisque
969 1189 1058 1212 cum
1092 1175 1255 1225 polenta
1287 1178 1394 1212 tunsi

217 1231 449 1267 inlinuntur.
504 1230 667 1280 prodest
705 1236 746 1267 et
783 1232 945 1266 concisis
983 1242 1032 1266 ex
1069 1235 1184 1266 aceto
1221 1228 1395 1266 lichenas

219 1283 373 1327 fricare,
406 1287 503 1321 item
537 1284 733 1320 ulceribus
766 1283 1088 1333 putrescentibus
1121 1296 1170 1319 ex
1203 1296 1308 1332 aqua
1338 1285 1395 1318 in-

220 1351 382 1387 ponere,
414 1351 679 1374 mammarum
712 1350 872 1386 quoque
906 1343 948 1374 et
980 1339 1145 1373 testium
1177 1336 1396 1373 inflamma-

153 1398 194 1428 69
220 1392 406 1428 tionibus.
461 1391 615 1427 decocti
645 1394 685 1427 in
715 1390 826 1427 faece
857 1392 935 1426 vini
965 1390 1167 1427 oculorum
1198 1389 1396 1439 epiphoris

218 1448 423 1494 supposito
462 1444 624 1481 linteolo
662 1444 888 1481 medentur.
943 1443 1027 1480 fere
1065 1446 1105 1480 in
1144 1455 1396 1493 quocumque

219 1499 357 1535 morbo
394 1501 519 1548 magis
557 1498 730 1534 decoctis
768 1503 950 1540 utuntur,
987 1499 1086 1534 item
1122 1497 1173 1534 ad
1208 1498 1397 1533 tibiarum

219 1557 352 1588 taetra
395 1552 527 1588 ulcera
570 1554 769 1600 rimasque
812 1564 1020 1600 corporum
1063 1563 1315 1600 quacumque
1358 1552 1396 1586 in

220 1611 335 1655 parte
379 1605 505 1643 farina
547 1605 826 1642 arefactorum.
881 1609 1074 1641 autumno
1116 1610 1253 1641 autem
1293 1603 1398 1640 colli—

261 1805 275 1818 '2
299 1800 407 1831 Pieris
447 1801 476 1830 is
515 1799 663 1840 chicory,
703 1798 893 1829 Cichorium
929 1797 1097 1838 pumilum
1135 1797 1203 1828 and
1244 1796 1403 1832 thesium,

217 1843 392 1879 holewort‚
411 1842 585 1882 Corydalis
601 1842 789 1881 densiflora.

261 1886 275 1907 b
299 1886 361 1917 See
379 1885 479 1916 XXI.
498 1887 513 1923 ξ
534 1887 605 1916 105.

262 1933 273 1948 ⁶
298 1928 460 1960 Theriaca
477 1929 551 1960 534.

260 1972 274 1990 ‘¹
299 1972 360 2003 See
379 1971 480 2002 XXI.
499 1972 513 2011 §
533 1972 604 2002 109.
849 1975 860 1989 ²
874 1970 936 2002 See
953 1980 986 2010 p.
1005 1970 1080 2007 325,
1098 1980 1130 2000 n.
1148 1979 1175 2000 c.

216 2046 286 2081 340
