1469 2299
104 304 144 336 29

104 624 146 655 30

105 1104 144 1136 31

374 89 569 128 PLINY:
613 89 874 127 NATURAL
908 88 1142 127 HISTORY

169 192 361 229 calthae.l
415 205 494 229 non
520 192 640 229 levior
660 194 695 228 ei
721 205 841 241 quam
862 204 1020 240 scopam
1041 193 1191 241 regiam
1212 190 1346 240 appel-

171 246 269 290 lant,
296 259 537 295 quamquam
564 245 657 282 folia
684 247 767 282 eius
793 245 916 288 olent,
943 258 1020 281 non
1047 244 1173 281 flores.

222 299 328 336 XVI.
359 299 504 336 Baccar
528 311 687 348 quoque
710 298 850 335 radicis
875 303 1033 334 tantum
1058 297 1248 334 odoratae
1273 302 1347 340 est,

172 366 194 389 a
238 353 475 402 quibusdam
519 352 687 389 nardum
731 354 920 388 rusticum
965 351 1222 400 appellatum.
1278 363 1345 386 un—

171 412 322 456 guenta
343 419 391 442 ex
413 419 459 442 ea
479 405 610 442 radice
631 405 714 441 fieri
734 404 849 441 solita
869 404 974 453 apud
994 406 1177 453 antiquos
1197 404 1346 440 Aristo-

171 459 323 508 phanes
358 461 509 509 priscae
544 458 774 495 comoediae
809 463 929 507 poeta
964 459 1078 494 testis
1115 463 1187 493 est.
1243 457 1348 493 unde

172 513 334 562 quidam
373 525 503 549 errore
541 512 639 548 falso
676 511 912 548 baccarida2
951 524 1039 546 eam
1077 510 1346 559 appellabant.

172 566 268 602 odor
311 572 371 602 est
414 568 663 602 cinnamomo
705 567 919 614 proximus.
974 563 1109 613 gracili
1152 563 1234 600 solo
1277 576 1349 599 nec

172 619 306 656 umido
340 621 534 668 provenit.
589 618 830 655 simillimum
865 620 900 654 ei
934 618 1182 653 combretum
1216 616 1349 666 appel-

171 672 289 716 latur,
316 671 497 709 foliorum
526 671 707 708 exilitate
735 683 860 720 usque
889 673 927 706 in
956 670 1020 706 fila
1048 670 1280 713 adtenuata,
1308 675 1349 706 et

172 728 370 776 procerius
385 738 503 774 quam
518 726 670 761 baccar.
719 724 817 761 haec
830 729 922 760 sunt
935 724 1163 773 unguenta³
1176 728 1347 759 tantum.

172 779 243 816 sed
270 792 405 816 eorum
431 792 590 828 quoque
618 791 724 814 error
749 777 1002 827 corrigendus
1031 782 1091 813 est
1117 779 1183 826 qui
1209 777 1350 812 baccar

172 835 363 869 rusticum
391 832 557 868 nardum
585 831 848 881 appellavere.
905 836 965 867 est.
993 833 1098 866 enim
1125 830 1201 865 alia
1227 828 1350 867 herba

173 888 227 923 sic
256 888 536 935 cognominata
565 898 685 934 quam
715 884 855 921 Graeci
887 897 1026 920 asaron
1056 888 1212 927 vocant,
1240 885 1349 919 cuius

173 942 346 988 speciem
389 939 636 989 figuramque
678 938 848 975 diximus
890 939 929 973 in
971 936 1082 973 nardi
1124 937 1348 986 generibus.

174 995 269 1042 quin
312 995 433 1029 immo
476 1005 616 1028 asaron
660 993 817 1027 invenio
860 992 1037 1033 vocitari,
1080 991 1267 1039 quoniam
1311 991 1351 1025 in

173 1059 335 1082 coronas
362 1059 440 1082 non
466 1045 648 1082 addatur.

224 1099 354 1135 XVII.
384 1099 551 1136 Crocum
568 1098 747 1134 silvestre
764 1099 972 1146 optimum.
1027 1108 1159 1133 serere
1175 1097 1215 1132 in
1234 1095 1351 1132 Italia

173 1155 336 1188 minime
376 1152 555 1201 expedit,
595 1151 645 1188 ad
683 1150 853 1200 scripula
891 1162 1016 1199 usque
1056 1149 1211 1199 singula
1249 1151 1349 1185 areis

174 1205 503 1255 decoquentibus.
558 1207 702 1242 seritur
720 1204 861 1241 radicis
879 1203 1012 1241 bulbo.
1042 1206 1213 1240 sativum
1232 1202 1349 1239 latius

174 1262 380 1309 maiusque
409 1265 451 1296 et
478 1258 654 1302 nitidius,
681 1258 752 1295 sed
779 1258 905 1294 multo
933 1257 1072 1300 lenius,
1100 1256 1350 1306 degenerans

174 1313 337 1363 ubique,
370 1326 443 1349 nec
476 1312 690 1349 fecundum
725 1314 848 1348 etiam
881 1311 1059 1361 Cyrenis,
1093 1311 1160 1347 ubi
1193 1322 1352 1360 semper

222 1416 234 1434 ¹
257 1417 371 1457 gravis
407 1415 542 1447 calthae
580 1414 765 1456 Detlefsen:
815 1415 928 1456 gravis
965 1413 1056 1445 calta
1092 1413 1206 1445 codd.:
1255 1413 1352 1454 gravi

177 1458 294 1490 caltha
316 1458 479 1499 Mayhfoff.

223 1502 236 1520 ²
259 1502 439 1533 bacearida
453 1499 635 1541 Detlefsen:
671 1499 884 1531 barbaricam
899 1509 972 1530 cum
988 1499 1077 1530 codd.
1096 1497 1260 1539 Mayhoff.

222 1545 235 1563 ³
258 1545 341 1575 haec
375 1548 456 1581 sunt.
490 1547 666 1585 unguenta
705 1542 847 1580 Urlichs,
883 1540 1070 1582 Detlefsen:
1118 1541 1201 1573 haee
1236 1540 1352 1572 sutilia

179 1587 354 1627 Mayhoff:
386 1587 469 1618 haee
486 1591 567 1618 sunt
585 1586 675 1618 codd.

218 1705 233 1720 ⁰
257 1701 309 1731 An
329 1700 472 1731 obscure
489 1703 661 1731 sentence.
706 1699 756 1730 To
775 1698 885 1730 which
906 1698 1004 1739 plant
1023 1698 1104 1729 does
1122 1697 1234 1729 eadem
1252 1696 1351 1734 refer,

174 1743 243 1775 and
259 1744 320 1774 has
336 1744 445 1784 qravis
460 1744 505 1774 its
521 1743 619 1775 usual
634 1752 731 1773 sense
747 1742 786 1773 of
797 1745 818 1757 “
830 1741 917 1773 rank
931 1741 950 1753 '⁷
965 1744 977 1773 ’.Ρ

223 1786 234 1805 2'
261 1785 356 1817 Folia
382 1796 500 1817 means
524 1786 649 1823 leaves,
673 1784 839 1826 although
864 1784 924 1816 the
950 1783 1043 1815 word
1072 1782 1135 1814 has
1163 1783 1236 1823 just.
1266 1782 1351 1813 been

177 1829 259 1860 used
279 1829 318 1860 of
334 1829 455 1870 petals.

222 1877 233 1892 ⁶
256 1872 327 1902 The
351 1882 443 1903 error
465 1871 670 1912 apparently
694 1871 722 1902 is
746 1871 862 1911 giving
886 1880 907 1901 a
931 1868 1042 1901 Greek
1065 1878 1166 1899 name
1190 1877 1351 1899 unneees-

172 1915 288 1955 sarily.
334 1914 405 1945 The
444 1914 584 1954 reading
621 1914 825 1945 barbaricam
861 1912 974 1943 would
1012 1921 1112 1942 mean
1151 1911 1171 1924 “
1184 1910 1351 1952 foreign.”

174 1958 318 1988 Various
334 1960 504 1996 attempts
522 1957 609 1986 have
628 1956 711 1986 been
731 1956 831 1986 made
849 1959 886 1986 to
905 1954 1051 1995 identify
1068 1954 1137 1985 this
1154 1953 1264 1994 plant.

174 2027 241 2063 182
