1469 2299
112 426 172 457 156

113 799 171 830 157

116 1173 174 1204 158

116 1440 173 1471 159

401 105 593 142 PLINY:
640 105 900 143 NATURAL
933 104 1169 143 HISTORY

200 209 238 242 in
269 209 488 243 sextarium
519 208 622 243 aceti
655 212 697 243 et
725 206 853 243 mellis
883 206 976 243 addi
1006 212 1181 256 oportet,
1210 209 1309 243 item
1339 209 1370 243 si

201 260 334 296 lateris
363 260 473 296 dolor
500 263 565 304 sit,
593 265 664 296 aut
690 262 795 296 inter
822 260 1002 309 scapulas
1030 266 1100 297 aut
1127 262 1167 296 in
1193 259 1370 297 thorace.

200 314 440 362 praecordiis
479 313 693 350 medentur
730 326 779 350 ex
818 319 933 350 aceto
970 326 1060 349 cum
1097 313 1230 356 melle,
1268 326 1371 363 quae

198 369 307 416 potio
325 367 446 403 datur
464 373 505 403 et
523 369 561 403 in
580 367 821 403 alienatione
839 369 985 403 mentis
1003 380 1048 403 ac
1065 366 1370 404 melancholicis.

197 421 317 456 datur
342 426 383 457 et
408 420 672 457 comitialibus
697 434 795 470 quos
819 426 1022 470 correptos
1047 419 1196 457 olfactu
1221 423 1373 457 excitat

199 473 396 523 thymum.
453 476 565 510 aiunt
599 480 639 510 et
672 474 843 510 dormire
877 487 943 510 eos
976 479 1161 523 oportere
1192 476 1233 510 in
1265 474 1371 510 molli

198 526 351 577 thymo.
407 527 571 576 prodest
610 533 652 564 et
689 526 956 576 orthopnoicis
995 533 1038 564 et
1075 526 1372 564 anhelatoribus

198 581 492 630 mulierumque
529 581 732 617 mensibus
769 580 997 623 retardatis,
1035 580 1097 617 vel
1133 583 1164 616 si
1203 583 1373 617 emortui

201 636 280 670 sint
301 636 339 670 in
362 639 476 670 utero
496 640 649 683 partus,
669 634 880 670 decoctum
900 636 940 670 in
961 647 1065 683 aqua
1085 633 1135 670 ad
1156 636 1310 677 tertias,
1332 640 1374 670 et

200 689 290 723 viris
310 700 403 724 vero
422 693 561 724 contra
580 687 805 724 inflationes
825 701 914 723 cum
934 687 1052 723 melle
1073 693 1114 723 et
1133 693 1262 730 aceto,
1283 693 1324 724 et
1343 689 1374 723 si

199 746 340 777 venter
364 746 527 791 turgeat
551 746 742 784 testesve,
764 746 834 777 aut
858 743 888 777 si
910 743 1063 777 vesicae
1088 740 1198 777 dolor
1223 743 1372 790 exigat.

201 807 222 830 e
240 796 330 830 vino
348 799 525 831 tumores
545 800 586 830 et
604 796 778 843 impetus
797 796 1013 843 inpositum
1032 793 1150 837 tollit,
1168 797 1265 831 item
1285 808 1374 830 cum

200 853 315 884 aceto
350 847 492 884 callum
530 853 571 884 et
606 861 800 884 verrucas.
856 847 1138 884 coxendicibus
1172 850 1376 896 inponitur

199 914 289 937 cum
324 903 426 944 vino,
459 901 692 938 articulariis
725 901 871 937 morbis
905 907 946 937 et
978 901 1124 937 luxatis
1156 904 1297 937 tritum
1329 914 1374 938 ac

200 954 315 990 lanae
338 957 559 1003 inspersum
584 968 631 990 ex
655 954 756 998 oleo,
780 955 972 991 ambustis
995 968 1085 990 cum
1107 954 1225 1004 adipe
1247 954 1372 991 suillo.

199 1008 300 1044 dant
320 1014 362 1044 et
386 1011 590 1057 potionem
613 1008 846 1045 articulariis
868 1010 976 1044 novis
991 1005 1005 1030 1
1028 1010 1148 1044 trium
1168 1008 1374 1044 obolorum

200 1061 377 1111 pondere
393 1064 432 1097 in
450 1062 575 1098 tribus
592 1061 748 1112 cyathis
765 1063 868 1098 aceti
885 1067 927 1098 et
942 1061 1083 1105 mellis,
1101 1067 1143 1098 et
1158 1063 1198 1098 in
1214 1061 1374 1098 fastidio

200 1117 340 1151 tritum
363 1128 453 1151 cum
476 1115 570 1151 sale.

251 1168 333 1205 XC.
365 1168 662 1205 Hemerocalles
707 1168 898 1217 pallidum
945 1181 966 1204 e
1012 1168 1124 1204 viridi
1170 1173 1212 1205 et
1256 1168 1374 1205 molle

202 1221 341 1258 folium
378 1221 516 1265 habet,
554 1222 685 1258 radice
723 1222 903 1265 odorata,
941 1235 1045 1271 quae
1082 1221 1249 1258 bulbosa
1285 1235 1375 1258 cum

200 1275 319 1311 melle
359 1278 532 1324 inposita
571 1277 699 1312 ventri
741 1289 865 1325 aquas
905 1275 1017 1324 pellit
1059 1281 1100 1311 et
1139 1277 1375 1325 sanguinem

201 1331 324 1365 etiam
365 1329 560 1366 inutilem.
616 1328 710 1365 folia
757 1328 956 1378 epiphoris
1003 1329 1205 1365 oculorum
1251 1342 1375 1366 mam-

201 1394 436 1432 marumque
462 1388 552 1431 post
579 1388 738 1431 partum
765 1382 965 1419 doloribus
990 1382 1222 1419 inlinuntur.

252 1436 356 1472 XCI.
388 1436 604 1472 Helenium
640 1436 689 1472 ab
727 1436 896 1479 Helena,
932 1441 977 1472 ut
1011 1436 1198 1479 diximus,
1233 1441 1374 1472 natum

202 1488 335 1525 favere
371 1490 547 1526 creditur
581 1489 748 1533 formae,
783 1495 917 1526 cutem
953 1489 1164 1526 mulierum
1199 1491 1239 1525 in
1274 1489 1374 1526 facie

201 1543 435 1593 reliquoque
461 1556 623 1593 corpore
651 1545 802 1579 nutrire
827 1545 1110 1592 incorruptam.
1165 1548 1376 1592 praeterea

248 1629 258 1647 ¹
284 1630 380 1660 novis
404 1629 501 1669 Sinis]
524 1634 551 1660 et
573 1628 737 1669 Detlessen
760 1628 862 1660 seculi
886 1629 1106 1661 Gronovium:
1144 1629 1240 1660 bonis
1263 1629 1376 1660 vodda

204 1673 335 1712 potioni
356 1673 389 1702 in
411 1672 614 1703 articulariis
635 1672 762 1703 morbis
785 1672 948 1712 Mayhoff.

251 1773 265 1787 α
442 1768 448 1774 .

251 1811 262 1830 ⁶
285 1768 573 1851 Isvsspgttnffvirhich
592 1811 675 1842 with
692 1822 712 1842 a
730 1812 880 1852 genitive
898 1822 1014 1842 means
1031 1811 1163 1847 attach,
1180 1821 1376 1852 paroxysm,

203 1854 299 1885 when
326 1854 408 1885 used
433 1854 627 1894 absolutely
651 1865 759 1885 seems
784 1859 821 1885 to
847 1854 972 1885 denote
996 1865 1039 1884 an
1065 1854 1315 1884 inflammation
1340 1865 1378 1885 or

203 1897 363 1928 inflamed
375 1897 534 1938 swelling.
581 1896 640 1928 See
656 1907 675 1927 a
692 1896 790 1928 fuller
805 1900 886 1927 note
903 1907 944 1927 on
963 1896 1081 1928 XXII.
1101 1897 1114 1935 ξ
1134 1896 1204 1933 122,
1222 1907 1255 1937 p.
1273 1897 1348 1929 382.

251 1945 262 1959 ⁶
287 1940 470 1979 Probably,
489 1940 744 1971 extravasated.

245 1981 260 2000 ἆ
284 1983 345 2014 See
365 1984 434 2022 §59
454 1983 492 2013 of
507 1983 575 2013 this
594 1983 695 2014 book.

203 2055 270 2090 272
