1469 2299
439 139 635 177 PLINY:
682 140 943 177 NATURAL
978 139 1213 176 HISTORY

153 248 212 278 117
295 242 446 278 LXIII.
479 242 559 278 Fici
590 255 706 278 sucus
740 242 891 278 lacteus
923 244 1023 278 aceti
1058 247 1244 278 naturam
1274 240 1413 284 habet,

243 299 380 344 itaque
407 295 561 345 coaguli
590 295 708 332 modo
735 295 795 331 lac
821 295 1035 331 contrahit.
1092 297 1291 344 excipitur
1318 300 1412 331 ante

241 352 521 385 maturitatem
540 352 646 398 pomi
665 354 706 385 et
724 351 763 384 in
782 349 922 385 umbra
940 351 1112 385 siccatur
1129 348 1180 384 ad
1198 348 1415 397 aperienda

242 403 388 445 ulcera,
411 402 553 438 cienda
576 408 781 438 menstrua
805 402 990 451 adpositu
1014 415 1103 437 cum
1127 401 1237 438 luteo
1260 404 1320 438 ovi
1346 407 1416 437 aut

241 461 338 505 potu
379 469 469 492 curn
510 455 654 506 amylo.
711 455 897 505 podagris
937 455 1116 491 inlinitur
1155 468 1245 491 cum
1286 454 1416 490 farina

242 510 384 546 Graeci
441 508 521 545 feni
578 515 619 545 et
676 515 803 545 aceto.
868 508 966 558 pilos
1023 521 1182 558 quoque
1238 507 1415 544 detrahit

243 563 608 612 palpebrarumque
631 563 804 599 scabiem
829 562 1034 605 emendat,
1057 564 1155 598 item
1178 561 1353 598 lichenas
1376 567 1419 598 et

154 622 213 652 118
242 630 391 665 psoras,
411 616 543 652 alvum
561 616 689 652 solvit.
733 615 845 652 lactis
865 615 995 651 ficulni
1016 621 1160 651 natura
1180 614 1418 651 adversatur

245 671 480 706 crabronum
505 682 796 718 vesparumque
819 675 861 705 et
882 669 1069 705 similium
1091 671 1267 711 venenis,
1289 671 1415 717 priva-

245 726 317 759 tim
340 726 603 771 scorpionum.
660 722 765 758 idem
787 736 876 758 cum
899 725 1073 771 axungia
1096 735 1278 758 verrucas
1300 722 1416 758 tollit.

246 776 338 813 folia
365 782 405 812 et
432 789 535 825 quae
560 789 638 812 non
664 781 894 812 maturuere
921 776 980 811 fici
1007 778 1168 812 strumis
1192 775 1416 811 inlinuntur

243 830 508 878 omnibusque
550 842 652 878 quae
695 829 934 865 emollienda
983 831 1061 865 sint
1101 828 1416 865 discutiendave.

245 889 452 932 praestant
470 883 544 919 hoc
563 889 603 919 et
623 896 693 931 per
710 895 751 919 se
771 882 875 919 folia.
933 888 974 918 et
993 882 1092 918 alius
1111 895 1202 918 usus
1222 895 1359 918 eorum
1376 884 1415 918 in

247 936 426 972 fricando
482 935 637 972 lichene
695 942 736 972 et
792 936 978 985 alopeciis
1035 940 1078 971 et
1141 948 1420 984 quaecumque

248 990 469 1026 exulcerari
519 1003 618 1038 opus
666 992 728 1025 sit.
786 995 827 1025 et
876 989 1064 1025 adversus
1112 991 1219 1024 canis
1267 1002 1420 1025 morsus

158 1050 218 1080 119
247 1057 448 1080 ramorum
485 1045 613 1079 teneri
649 1042 831 1079 cauliculi
868 1045 949 1078 cuti
985 1045 1244 1091 inponuntur.
1299 1042 1421 1078 iidem

247 1111 336 1133 cum
359 1096 477 1132 melle
500 1096 698 1132 ulceribus
721 1109 824 1145 quae
845 1098 950 1132 ceria
971 1101 1166 1131 vocantur
1184 1095 1419 1132 inlinuntur.

248 1149 468 1187 extrahunt
512 1149 682 1186 infracta
723 1163 811 1186 ossa
851 1162 941 1185 cum
981 1151 1191 1198 papaveris
1231 1149 1421 1185 silvestris

249 1204 365 1240 foliis.
388 1217 532 1239 canum
555 1204 801 1239 rabiosorum
823 1216 976 1239 morsus
999 1202 1093 1239 folio
1115 1205 1211 1238 trito
1235 1215 1282 1238 ex
1307 1208 1422 1239 aceto

250 1260 491 1306 restingunt.
549 1270 570 1293 e
591 1260 704 1306 nigra
727 1256 799 1292 fico
820 1256 979 1292 candidi
1000 1255 1180 1292 cauliculi
1202 1256 1423 1292 inlinuntur

248 1310 481 1354 furunculis,
514 1313 635 1346 muris
669 1312 804 1346 aranei
836 1310 1032 1346 morsibus
1064 1323 1155 1346 cum
1187 1322 1292 1353 cera,
1324 1312 1420 1346 cinis

249 1377 386 1400 earum
428 1377 449 1400 e
491 1363 593 1400 foliis
633 1366 874 1413 gangraenis
915 1363 1277 1412 consumendisque
1317 1375 1421 1412 quae

159 1423 220 1453 120
250 1423 499 1454 excrescunt.
556 1417 616 1453 fici
670 1422 854 1453 maturae
907 1419 1063 1453 urinam
1115 1419 1237 1459 cient,
1289 1416 1423 1453 alvum

250 1471 422 1514 solvunt,
459 1470 645 1507 sudorem
682 1476 847 1506 movent
882 1470 1144 1519 papulasque.
1200 1470 1250 1506 ob
1285 1469 1325 1506 id
1355 1483 1422 1506 au-

248 1531 388 1561 tumno
407 1524 643 1567 insalubres,
659 1526 847 1573 quoniam
867 1523 1054 1560 sudantia
1072 1523 1188 1559 huius
1207 1523 1283 1559 cibi
1301 1536 1423 1572 opera

248 1591 412 1627 corpora
433 1577 741 1627 perfrigescunt.
792 1590 866 1613 nec
883 1576 1089 1613 stomacho
1112 1577 1231 1613 utiles
1251 1577 1322 1613 sed
1336 1576 1350 1599 ¹
1371 1577 1422 1613 ad

249 1633 371 1668 breve
417 1637 578 1680 tempus
625 1636 667 1668 et
714 1633 798 1667 voci
845 1633 1070 1667 contrariae
1115 1630 1420 1680 intelleguntur.

341 1737 351 1755 ¹
376 1736 435 1767 sed
452 1735 536 1777 vuly.
554 1749 560 1766 :
591 1740 643 1766 set,
662 1736 818 1776 Mayhoff
829 1748 836 1767 ε
866 1739 902 1767 et
918 1735 1028 1776 plures
1044 1736 1145 1773 codd„
1163 1735 1335 1777 Dellefsen.

290 1876 304 1922 ‘j
326 1871 406 1901 This
420 1871 560 1912 chapter
579 1871 639 1902 has
658 1881 739 1912 very
754 1870 841 1902 close
859 1870 1016 1911 parallels
1027 1873 1064 1901 to
1085 1870 1296 1901 Dioscorides
1314 1871 1341 1902 Ι.
1363 1872 1423 1902 128

247 1914 519 1988 (ῃῡθιδιῖἓῗὲἓὲυε
537 1957 576 1988 V.
593 1957 645 1993 28,
666 1957 716 1988 13.

294 2005 305 2018 ⁶
329 2000 428 2031 Some
443 1999 523 2030 take
537 2010 608 2030 cum
625 2009 695 2031 cera
712 1999 792 2030 with
809 1999 892 2030 both
907 1999 1047 2030 membra
1063 1998 1101 2030 of
1111 1999 1179 2030 this
1194 2002 1362 2030 sentence.

246 2073 315 2108 492
