1469 2299
110 676 167 705 241

402 89 594 126 PLINY:
639 89 900 126 NATURAL
934 88 1167 126 HISTORY

197 198 457 228 conteruntur
478 205 699 241 manusque
720 191 863 240 plenae
884 204 1069 227 mensura
1089 191 1300 228 sorbentur
1320 190 1371 227 ad

197 245 485 282 confirmandas
538 244 686 288 fauces,
739 243 1001 287 stomachum,
1054 243 1199 287 oculos,
1250 249 1371 293 caput

197 311 414 347 sensusque
466 311 618 341 omnes,
670 298 879 334 mulierum
933 300 1053 334 etiam
1106 297 1371 341 lassitudines,

197 351 483 388 saluberrimol
534 364 683 401 genere
720 351 953 387 medicinae.
1008 350 1176 386 calculos
1213 363 1372 399 quoque

197 405 359 441 discutit
387 410 525 454 potum
554 408 592 440 in
620 410 746 440 aceto.
802 404 977 440 inlinitur
1005 409 1046 440 et
1073 403 1256 440 livoribus
1283 417 1372 453 sug-

198 458 424 508 gillatisque
458 471 547 494 cum
583 457 701 494 melle
736 463 778 494 et
813 457 929 506 adipe
964 459 1145 493 anserino
1180 463 1249 493 aut
1283 470 1372 493 cera

199 512 355 561 Cypria.
413 511 456 547 fit
474 517 514 548 et
531 511 662 548 oleum
680 524 729 547 ex
747 523 794 547 eo
810 513 962 547 semine
982 509 1209 547 madefacto
1226 512 1265 546 in
1285 509 1373 546 oleo

200 577 481 614 expressoque,
530 577 608 613 quo
655 570 824 600 utuntur
871 564 921 600 ad
969 577 1177 600 nervorum
1225 565 1373 613 rigores

200 618 503 666 lumborumque
540 624 580 654 et
615 617 874 654 coxendicum
910 622 952 653 et
985 616 1271 665 perfrictiones.

251 671 514 707 LXXXVIII.
543 670 697 720 Sinapis
718 677 901 707 naturam
916 671 931 693 ²
950 670 1193 719 effectusque
1214 669 1373 706 eosdem

198 724 346 760 habere
390 724 561 761 traditur
604 724 746 761 adarca
790 726 894 760 inter
935 723 1129 760 silvestria
1171 723 1292 767 dicta,
1335 725 1373 758 in

199 780 344 814 cortice
379 777 619 813 calamorum
656 778 728 814 sub
764 779 846 826 ipsa
883 790 995 813 coma
1030 790 1206 813 nascens.

252 831 474 866 LXXXIX.
507 830 754 867 Marrubium
768 830 946 879 plerique
960 832 1064 866 inter
1075 832 1220 879 primas
1232 828 1374 865 herbas

201 884 544 927 commendavere,
586 883 691 933 quod
733 884 873 920 Graeci
917 886 1072 932 prasion
1114 888 1269 926 vocant,
1311 882 1373 918 alii

201 936 485 986 linostrophon‚
523 937 696 974 nonnulli
735 936 973 986 philopaeda
1009 942 1079 973 aut
1115 935 1375 985 philochares,

200 993 330 1027 notius
345 1004 464 1039 quam
479 996 523 1027 ut
538 990 790 1027 indicandum
807 993 869 1027 sit.
924 989 1038 1026 huius
1053 989 1145 1026 folia
1159 1002 1376 1038 semenque

200 1046 370 1080 contrita
387 1050 551 1093 prosunt
568 1050 706 1080 contra
722 1050 943 1093 serpentes,
960 1049 1165 1092 pectorum
1184 1049 1225 1079 et
1242 1042 1376 1078 lateris

200 1097 368 1141 dolores,
388 1099 527 1133 tussim
549 1103 741 1139 veterem,
763 1103 803 1133 et
825 1099 868 1133 iis
890 1099 955 1146 qui
977 1098 1210 1145 sanguinem
1231 1098 1376 1132 reiece-

201 1153 278 1186 rint
296 1152 440 1187 eximie
457 1150 568 1194 utile,
584 1153 709 1199 scopis
727 1153 809 1186 eius
824 1163 913 1186 cum
930 1152 1069 1199 panico
1085 1163 1188 1199 aqua
1203 1149 1376 1186 decoctis

201 1210 244 1240 ut
273 1206 464 1253 asperitas
492 1206 572 1240 suci
600 1206 818 1253 mitigetur.
874 1205 1076 1252 inponitur
1101 1204 1260 1239 strumis
1287 1215 1377 1238 cum

202 1257 331 1306 adipe.
386 1263 478 1293 sunt
521 1260 586 1307 qui
630 1257 752 1294 viride
795 1270 945 1300 semen,
987 1261 1182 1306 quantum
1223 1255 1376 1292 duobus

201 1310 336 1360 digitis
365 1313 538 1360 capiant,
567 1324 656 1347 cum
685 1310 797 1347 farris
826 1310 974 1359 pugillo
1003 1310 1212 1346 decoctum
1241 1309 1377 1345 addito

204 1366 348 1413 exiguo
369 1363 442 1400 olei
466 1370 507 1400 et
527 1364 617 1400 salis
638 1365 785 1400 sorberi
807 1366 946 1400 ieiunis
968 1363 1017 1399 ad
1038 1365 1176 1399 tussim
1198 1363 1375 1399 iubeant.

203 1417 266 1453 alii
306 1416 399 1452 nihil
438 1423 655 1467 conparant
695 1420 733 1453 in
773 1417 914 1454 eadem
950 1430 1067 1453 causa
1108 1416 1295 1452 marrubii
1336 1421 1377 1452 et

204 1469 361 1506 feniculi
397 1473 497 1507 sucis
532 1470 582 1507 ad
617 1473 809 1507 sextarios
843 1476 977 1507 ternos
1012 1472 1206 1519 expressis
1240 1469 1377 1505 decoc-

203 1526 335 1572 tisque
357 1524 406 1560 ad
429 1526 621 1560 sextarios
643 1524 755 1567 duos,
777 1530 863 1560 tum
886 1523 1022 1560 addito
1043 1523 1168 1559 mellis
1191 1524 1376 1566 sextario,

204 1590 334 1613 rursus
357 1577 522 1614 decocto
537 1577 587 1614 ad
604 1580 795 1614 sextarios
816 1577 928 1620 duos,
944 1579 973 1613 si
995 1576 1172 1613 coclearii
1194 1589 1377 1612 mensura

237 1663 245 1681 ¹
270 1663 493 1693 saluberrimo
510 1663 594 1703 ναῖς.
611 1669 638 1694 el
658 1663 831 1703 illayhoff:
860 1663 1102 1693 saluberrimae
1119 1661 1258 1702 plurimi
1274 1661 1376 1697 codd„

210 1705 328 1742 Hard„
346 1706 520 1746 Detlessen.

238 1748 250 1766 ²
275 1749 535 1831 naltiirjxnhvnlq.
552 1753 580 1780 el
598 1748 761 1789 Dellefsen
779 1761 786 1779 ;
815 1753 959 1779 naturae
978 1747 1074 1779 mulli
1091 1747 1181 1778 codd.
1196 1759 1203 1778 ε
1233 1751 1377 1778 naturae

207 1800 275 1820 esse
294 1810 305 1821 A
335 1802 417 1830 (1510
448 1815 454 1821 .

247 1881 260 1895 ‘²
285 1877 379 1908 xvi.
397 1879 410 1915 ξ
429 1878 500 1908 167.
679 1876 691 1896 ²²
714 1876 931 1917 Leek-green.

251 1924 262 1939 ⁰
286 1920 432 1950 Twisted
457 1920 536 1951 flax.
680 1919 694 1938 ‘¹
718 1920 849 1960 Loving
869 1920 941 1949 lads
962 1925 969 1957 (
987 1922 1025 1958 2²).

252 1969 261 1981 ‘'
285 1963 416 2003 Loving
426 1967 544 2004 grace(
560 1965 600 2003 Y).
680 1960 694 1984 s
713 1962 950 2002 Two-grained
961 1961 1083 1992 wheat.
1123 1961 1182 1993 See
1195 1971 1227 2002 p.
1239 1961 1291 1998 34,
1303 1971 1336 1992 n.
1347 1961 1375 1992 b.

207 2035 275 2068 140
