1469 2299
107 388 146 417 41

108 818 149 848 42

108 1496 149 1527 43

381 96 573 133 PLINY:
619 97 880 134 NATURAL
914 96 1148 134 HISTORY

175 199 306 242 datur,
343 201 558 248 unguentis
594 211 759 235 nascens
797 205 839 235 et
874 198 1107 235 medicinae.
1164 198 1351 235 laudatis-

175 262 273 296 sima
295 262 335 296 in
360 260 528 310 Illyrico,
552 265 594 296 et
616 261 668 296 ibi
693 273 853 309 quoque
876 273 953 296 non
977 262 1015 295 in
1038 262 1258 303 maritimis,
1281 260 1351 296 sed

175 323 214 357 in
230 321 472 357 silvestribus
490 322 676 358 Drinonis
693 327 734 358 et
751 321 949 365 Naronae,
964 323 1145 371 proxima
1159 323 1198 357 in
1216 320 1352 358 Mace-

175 382 307 426 donia,
324 382 551 433 longissima
567 381 666 419 haec
684 388 725 419 et
742 383 952 419 candicans
971 388 1012 419 et
1030 382 1153 419 exilis.
1186 385 1351 419 tertium

175 444 303 481 locum
351 443 475 480 habet
523 443 724 487 Africana,
773 444 1015 494 amplissima
1062 446 1167 481 inter
1214 457 1351 480 omnes

175 511 377 555 gustuque
400 508 657 549 amarissima,
681 505 837 556 Illyrica
859 518 1018 555 quoque
1041 505 1209 542 duorum
1231 518 1352 555 gene-

176 581 263 603 rum
289 573 371 603 est:
412 566 630 616 raphanitis
657 580 679 603 a
704 567 976 610 similitudine,
1003 579 1106 616 quae
1133 572 1175 603 et
1200 567 1350 611 melior,

176 627 447 665 rhizotomos.l
522 628 685 665 subrufa
725 631 891 677 optima,
932 641 1035 678 quae
1075 633 1354 665 sternumenta

176 695 351 726 tractatu
390 695 537 733 movet,
567 690 720 726 caulem
749 689 873 726 habet
902 689 1130 733 cubitalem,
1161 696 1351 727 erectum.

177 750 291 787 floret
310 751 530 788 versicolori
551 754 696 801 specie,
717 754 818 788 sicut
838 765 950 788 arcus
969 751 1165 795 caelestis,
1185 751 1290 788 unde
1312 757 1353 788 et

176 826 333 849 nomen.
389 826 467 849 non
486 814 719 862 inprobatur
738 818 779 849 et
798 811 977 849 Pisidica.
1034 812 1208 850 effossuri
1227 813 1353 849 tribus

176 880 271 911 ante
306 875 508 911 mensibus
545 875 672 911 mulsa
708 888 812 924 aqua
848 874 1085 911 circumfusa
1121 873 1193 911 hoc
1230 874 1352 911 veluti

176 936 428 985 placamento
453 942 584 972 terrae
610 936 883 979 blandiuntur,
909 939 1244 986 circumscriptam
1269 950 1353 973 mu-

175 1011 292 1034 crone
320 997 440 1047 gladii
469 998 564 1034 orbe
593 998 734 1047 triplici
764 1011 854 1034 cum
882 998 1080 1048 legerunt,
1108 1000 1287 1048 protinus
1314 1000 1353 1034 in

176 1059 329 1095 caelum
362 1059 572 1096 adtollunt.
628 1065 771 1096 natura
804 1065 865 1096 est
897 1059 1067 1103 fervens,
1098 1064 1353 1109 tractataque

176 1121 335 1170 pusulas
356 1121 527 1157 ambusti
548 1121 666 1157 modo
685 1120 792 1158 facit.
848 1123 1090 1171 praecipitur
1109 1126 1203 1157 ante
1222 1123 1354 1158 omnia

176 1188 220 1219 ut
241 1185 340 1218 casti
361 1182 511 1232 legant.
567 1182 768 1219 teredines
791 1196 869 1219 non
890 1185 991 1220 sicca
1013 1182 1131 1220 modo
1154 1195 1289 1219 verum
1312 1188 1354 1219 et

176 1246 214 1280 in
249 1250 357 1280 terra
391 1244 596 1281 celerrime
631 1247 768 1281 sentit.
824 1247 1020 1294 optimum
1055 1250 1174 1281 antea
1210 1247 1352 1281 irinum

178 1306 363 1342 Leucade
400 1312 442 1342 et
477 1306 591 1343 Elide
626 1305 1135 1356 ferebatur,—iampridem
1171 1309 1275 1342 enim
1312 1312 1354 1343 et

175 1370 381 1412 seritur—‚
412 1381 515 1404 nunc
546 1380 567 1404 e
598 1366 846 1418 Pamphylia,
872 1367 943 1404 sed
973 1367 1151 1404 Cilicium
1180 1370 1353 1404 maxime

177 1429 362 1465 laudatur
388 1434 510 1479 atque
538 1442 559 1465 e
586 1429 977 1479 septentrionalibus.

226 1490 314 1527 XX.
344 1490 526 1527 Saliunca
548 1490 641 1528 folio
664 1491 826 1541 quidem
847 1491 1032 1528 subbrevi
1055 1496 1097 1527 et
1119 1490 1225 1540 quod
1247 1493 1353 1527 necti

176 1566 255 1589 non
282 1555 406 1602 possit
432 1552 553 1589 radici
581 1565 816 1590 numerosae
843 1552 1046 1597 cohaeret,
1072 1551 1197 1589 herba
1225 1555 1353 1589 verius

177 1627 296 1663 quam
332 1613 416 1658 flos,
452 1614 575 1651 densa
612 1614 735 1651 veluti
770 1628 892 1651 manu
926 1627 1063 1664 pressa
1096 1615 1352 1664 breviterque

176 1689 339 1725 caespes
357 1678 415 1712 sui
434 1679 604 1726 generis.
660 1675 865 1713 Pannonia
889 1675 992 1713 hanc
1009 1678 1140 1727 gignit
1159 1681 1201 1713 et
1221 1675 1352 1713 Norici

227 1763 238 1781 ²
267 1763 308 1793 Ut
346 1762 502 1803 Mayhoff
535 1762 718 1802 dislinquo:
764 1772 889 1794 comma
924 1767 996 1803 post
1030 1762 1220 1793 rhizotomo
1256 1762 1354 1803 (quod

180 1805 316 1845 scribit),
334 1810 404 1845 post
425 1805 567 1836 subrufa
589 1810 747 1845 punctum
770 1805 944 1846 Detlefsen.

221 1907 515 1956 “nTheophrastus
542 1906 644 1947 (H.P.
665 1907 730 1939 IX.
751 1909 781 1944 7,
800 1909 835 1947 4)
861 1917 941 1948 says
967 1907 1037 1938 this
1063 1906 1102 1938 of
1124 1906 1184 1938 the
1209 1906 1353 1948 Illyrian

175 1955 321 1991 variety.

179 2023 245 2057 190
