1469 2299
415 156 610 193 PLINY:
655 156 918 194 NATURAL
951 156 1187 194 HISTORY

213 260 439 307 concoquit,
472 264 633 308 purgat,
665 260 832 307 pectori,
865 260 995 294 ventri
1028 258 1141 302 utile,
1173 260 1272 295 item
1304 258 1387 294 vul-

213 324 351 347 varum
380 311 519 354 dolori,
549 314 580 348 si
610 314 694 348 sine
729 311 831 348 febri
864 314 958 355 sint,
987 314 1115 348 veteri
1147 311 1387 348 rheumatis—

213 378 291 407 mo,
317 365 619 408 exulcerationi,
644 367 786 414 ruptis,
811 365 1020 408 convulsis,
1040 367 1216 407 vomicis,
1249 378 1386 402 nervo-

212 432 299 454 rum
330 418 567 461 infirmitati,
595 417 881 461 inflationibus,
908 420 1023 461 tussi,
1050 417 1386 462 anhelationibus,

212 471 360 507 luxatis
391 474 431 507 in
463 471 600 508 sucida
632 472 722 508 lana
752 474 984 520 inpositum.
1041 471 1091 508 ad
1123 474 1256 508 omnia
1288 471 1387 508 haec

213 524 348 561 utilius
378 524 418 561 id
448 525 555 574 quod
585 531 728 573 sponte
758 530 929 561 naturae
959 537 1056 561 suae
1086 527 1216 574 picem
1247 527 1387 574 resipit

212 580 471 627 picatumque
493 578 721 628 appellatur
742 578 907 615 Helvico
930 580 970 614 in
992 577 1128 628 pago,1
1150 591 1229 627 quo
1249 583 1387 615 tamen

145 637 186 667 48
215 634 335 668 nimio
365 637 487 681 caput
517 634 709 680 temptari
740 634 939 668 convenit.
996 631 1101 680 quod
1133 631 1182 668 ad
1212 630 1384 668 febrium

213 685 453 721 valitudines
478 688 629 722 attinet
652 690 807 721 certum
833 691 895 721 est
917 698 996 721 non
1020 684 1199 721 dandum
1222 687 1262 721 in
1286 684 1386 722 febri

213 741 286 774 nisi
315 739 519 775 veteribus
548 741 677 788 aegris
705 751 779 775 nec
807 741 880 775 nisi
908 738 1138 775 declinante
1165 739 1319 782 morbo,
1347 740 1386 775 in

213 794 340 828 acutis
383 805 476 829 vero
519 792 704 841 periculis
758 792 876 828 nullis
919 794 991 828 nisi
1036 794 1103 841 qui
1147 791 1383 828 manifestas

212 848 463 882 remissiones
485 844 678 889 habeant,
702 851 743 882 et
765 845 836 882 has
852 845 866 868 ²
890 850 1011 882 noctu
1033 845 1385 894 potius—dimidia

212 912 302 948 pars
321 899 485 948 periculi
505 905 566 935 est
584 905 720 942 noctu,
737 898 811 935 hoc
830 904 892 935 est
909 911 979 948 spe
997 901 1138 942 somni,
1155 899 1387 935 bibentibus

213 965 337 988 —nec
356 965 377 988 a
396 957 515 1001 partu
535 953 730 989 abortuve
750 965 823 988 nec
842 965 865 988 a
883 952 1047 989 libidine
1067 953 1386 1002 aegrotantibus,

212 1018 284 1042 nec
302 1008 342 1042 in
359 1008 501 1055 capitis
520 1006 737 1049 doloribus,
754 1018 828 1042 nec
847 1019 1016 1055 quorum
1034 1008 1279 1042 accessiones
1297 1019 1385 1042 cum

211 1058 358 1109 frigore
377 1062 685 1096 extremitatum
703 1059 815 1103 fient,
832 1072 906 1095 nec
926 1062 966 1095 in
983 1058 1084 1096 febri
1106 1060 1383 1103 tussientibus,

211 1125 284 1148 nec
312 1115 352 1148 in
373 1118 548 1149 tremore
573 1126 837 1150 nervorumve
852 1113 868 1136 3
889 1112 1090 1150 doloribus
1110 1112 1173 1149 vel
1194 1112 1384 1156 faucium,

212 1172 282 1202 aut
303 1169 334 1202 si
355 1168 412 1203 vis
433 1167 561 1203 morbi
579 1169 682 1203 circa
703 1166 769 1203 ilia
788 1166 1064 1216 intellegatur,
1084 1179 1159 1203 nec
1179 1168 1219 1202 in
1239 1166 1389 1204 duritia

212 1220 548 1268 praecordiorum,
606 1233 798 1257 venarum
846 1219 1117 1264 vehementia,
1166 1233 1298 1269 neque
1346 1222 1385 1256 in

141 1278 182 1308 49
212 1273 483 1322 opisthotono,
519 1286 594 1310 nec
630 1279 784 1318 tetano,
820 1286 895 1310 nec
930 1273 1274 1323 singultientibus,
1310 1286 1383 1309 nec

211 1329 241 1363 si
284 1340 373 1363 cum
417 1326 518 1363 febri
561 1327 768 1377 dyspnoea
810 1330 875 1370 sit,
917 1329 1081 1363 minime
1123 1339 1217 1363 vero
1259 1327 1381 1363 oculis

211 1381 433 1430 rigentibus
466 1380 536 1417 et4
568 1382 769 1417 stantibus
801 1386 871 1417 aut
901 1380 1070 1417 defectis
1101 1381 1385 1430 gravibusque,

212 1447 285 1470 nec
317 1447 486 1483 quorum
517 1437 789 1471 coniventium
820 1434 1088 1483 perlucebunt
1117 1433 1219 1470 oculi
1250 1434 1386 1483 palpe-

211 1487 341 1524 brisve
362 1501 441 1524 non
462 1488 715 1531 coeuntibus,
737 1487 797 1524 vel
820 1490 850 1524 si
871 1487 1164 1524 dormientibus
1184 1486 1258 1524 hoc
1278 1487 1386 1524 idem

259 1573 270 1591 ²
295 1573 438 1605 Helvico
469 1574 503 1604 in
534 1583 633 1614 pago,
667 1583 733 1614 quo
765 1573 936 1614 Mayhoff:
975 1572 1150 1604 Helvenco
1185 1583 1284 1614 pago,
1318 1583 1385 1614 quo

217 1614 377 1657 Dellessen
390 1629 396 1647 :
430 1616 611 1647 Helvetico
626 1617 659 1647 in
674 1627 766 1657 agro,
783 1626 850 1657 quo
864 1617 941 1647 Ian.
958 1628 965 1647 ε
993 1615 1085 1648 varia
1100 1616 1189 1648 codd.

257 1658 269 1676 ²
296 1659 355 1690 has
371 1660 459 1691 codd.
476 1665 504 1691 el
518 1659 675 1691 editiones
691 1671 698 1690 ι
726 1659 778 1691 his
792 1659 877 1691 coni.
894 1659 1057 1700 Mayhoff.

259 1702 272 1720 ³
295 1713 522 1733 nervorumve
551 1713 625 1734 cum
655 1703 780 1734 duobus
809 1703 897 1734 codd.
929 1701 1102 1743 Mayhoff:
1134 1711 1383 1742 nervorumque

258 1744 796 1830 1⁹atssgzfffffssssgazfztssffiffl
811 1745 1127 1830 mass
1145 1744 1281 1829 {32⁹ssss
1294 1788 1382 1820 codd.

249 1899 262 1914 ‘¹
286 1896 326 1926 In
344 1895 453 1927 Gallia
470 1896 710 1927 Narbonensis.

250 1938 262 1957 ὁ
285 1939 365 1969 Less
381 1939 549 1980 probably
565 1951 572 1970 τ
604 1939 624 1952 “
639 1939 698 1970 the
715 1939 844 1970 disease
860 1938 901 1970 be
917 1937 956 1969 of
969 1939 1047 1980 long
1063 1937 1258 1979 standing.”

253 1986 265 2001 ⁶
280 1982 381 2030 ‘With
397 1982 579 2023 Mayhoff’s
594 1982 646 2014 his
662 1982 681 1995 “
695 1986 732 2014 to
746 1982 842 2014 these
859 1982 878 1995 ”
893 1981 945 2014 i.e.
961 1982 1129 2023 patients3
1157 1982 1217 2013 has
1230 1981 1332 2013 refers
1345 1984 1384 2012 to

207 2035 421 2057 remissione&

208 2088 278 2130 446
