1469 2299
87 587 129 618 99

70 907 130 938 100

73 1281 130 1313 101

354 106 549 143 PLINY:
595 106 856 144 NATURAL
889 106 1124 144 HISTORY

153 219 305 257 genera
337 207 428 244 duo.
484 210 551 244 uni
584 207 802 244 cicerculae
841 207 948 251 folia,
983 207 1096 244 alteri
1131 207 1325 244 aculeata.

154 260 217 297 hic
236 266 278 297 et
295 264 420 298 serius
439 260 555 298 floret
572 263 780 310 magisque
799 266 940 310 saepta
958 261 1116 298 obsidet
1134 261 1325 297 villarum.

155 327 293 350 semen
323 317 359 350 ei
384 314 607 357 rotundius,
634 317 804 364 nigrum,
828 317 868 350 in
894 315 1050 364 siliqua,
1075 314 1190 351 alteri
1215 313 1328 351 hare-

157 369 348 404 nacium.1
395 370 643 418 spinosorum
665 370 885 404 etiamnum
906 368 1013 404 aliud
1032 380 1158 418 genus
1175 370 1325 404 anonis.

155 423 194 457 in
230 423 348 458 ramis
383 424 490 458 enim
525 424 657 470 spinas
694 421 831 465 habet,
867 421 1049 470 adposito
1085 421 1177 458 folio
1212 427 1327 457 rutae

155 474 285 518 simili,
299 480 386 511 toto
401 475 513 512 caule
528 474 666 511 foliato
680 477 719 511 in
734 475 897 512 modum
910 487 1091 511 coronae.
1147 477 1328 524 sequitur

157 533 270 564 arata
294 528 474 579 frugibus
499 531 658 565 inimica
682 531 879 578 vivaxque
904 531 1130 578 praecipue.

208 581 313 618 LIX.
343 582 630 618 Aculeatarum
661 582 793 618 caules
824 582 1046 631 aliquarum
1079 595 1149 631 per
1179 586 1328 618 terram

158 641 338 684 serpunt,
358 641 403 672 ut
422 638 505 672 eius
525 649 645 685 quam
663 648 905 685 coronopum
924 641 1079 672 vocant.
1135 648 1157 671 e
1176 635 1331 672 diverso

155 694 239 725 stat
259 688 433 726 anchusa
463 689 674 725 inficiendo
703 689 810 739 ligno
830 692 1010 738 cerisque
1035 688 1175 725 radicis
1196 694 1330 738 aptae,

154 747 265 779 stant
314 755 335 779 e
379 743 601 779 mitioribus
650 742 849 779 anthemis
894 748 936 779 et
984 741 1239 793 phyllanthes
1289 748 1332 779 et

157 808 354 832 anemone
393 802 435 833 et
473 795 637 846 aphace.
696 796 809 833 caule
848 795 985 833 foliato
1025 801 1086 832 est
1124 798 1251 845 crepis
1290 802 1332 832 et

156 848 270 885 lotos.

209 902 293 939 LX.
324 902 562 940 Differentia
581 902 764 939 foliorum
785 908 827 939 et
846 902 908 939 hic
928 915 1032 952 quae
1051 905 1091 938 in
1111 903 1330 946 arboribus,

157 956 357 993 brevitate
392 956 564 1005 pediculi
600 969 646 993 ac
680 956 945 1006 longitudine,
981 959 1174 1006 angustiis
1209 958 1331 1005 ipsius

158 1008 253 1053 folii,
276 1010 554 1059 amplitudine,
576 1012 654 1047 iam
676 1023 770 1046 vero
792 1010 960 1060 angulis,
982 1012 1174 1054 incisuris,
1196 1009 1331 1053 odore,

158 1062 266 1099 flore.
321 1063 545 1100 diuturnior
571 1063 634 1100 hic
662 1063 902 1113 quibusdam
929 1076 1001 1113 per
1028 1069 1164 1113 partes
1191 1062 1333 1100 floren-

158 1117 279 1160 tibus,
328 1122 373 1153 ut
421 1119 561 1161 ocimo,
610 1116 860 1166 heliotropio,
909 1116 1100 1167 aphacae,
1147 1116 1329 1154 onochili.

164 1170 304 1207 Multis
342 1173 447 1207 inter
484 1170 583 1207 haee
621 1176 786 1207 aeterna
824 1170 918 1207 folia
954 1173 1058 1208 sicut
1094 1170 1333 1221 quibusdam

161 1224 361 1268 arborum,
386 1227 426 1261 in
450 1227 667 1274 primisque
691 1223 944 1274 heliotropio,
968 1224 1146 1268 adianto,
1171 1224 1287 1274 polio.

212 1277 318 1314 LXI.
349 1278 470 1315 Aliud
495 1291 628 1315 rursus
654 1280 897 1327 spicatarum
923 1291 1064 1328 genus,
1091 1290 1140 1314 ex
1167 1291 1246 1327 quo
1272 1283 1333 1314 est

161 1329 377 1381 achynops,
415 1331 659 1381 alopecuros,
696 1330 1134 1382 stelephuros,—quam
1171 1331 1332 1381 quidam

161 1390 347 1435 ortygem
385 1391 543 1429 vocant,
582 1385 645 1422 alii
684 1385 975 1436 plantaginem,
1013 1385 1064 1422 de
1103 1398 1183 1435 qua
1219 1384 1332 1434 plura

159 1437 336 1475 dicemus
369 1441 475 1476 inter
508 1438 746 1484 medicas—‚
775 1438 968 1490 thryallis.
1025 1451 1075 1476 ex
1107 1438 1167 1475 his
1202 1438 1333 1488 alope-

159 1504 274 1529 curos
304 1494 455 1542 spicam
485 1491 611 1530 habet
641 1492 802 1530 mollem
833 1498 876 1529 et
906 1492 1138 1543 lanuginem
1169 1491 1332 1529 densam

206 1595 219 1614 ¹
241 1595 461 1627 harenaeium
486 1595 672 1637 Dellessen:
710 1595 937 1627 harenaceum
961 1606 1036 1627 cum
1059 1595 1144 1636 vuly.
1171 1595 1332 1636 Mayhoff.

196 1681 352 1722 Theop
354 1681 492 1713 hrastus
519 1682 592 1722 (VI.
618 1684 649 1719 5,
673 1683 707 1723 3)
730 1681 792 1713 has
814 1694 920 1722 σησαμ
923 1680 1014 1715 ῶδες.
1061 1681 1212 1722 Perhaps
1235 1680 1338 1721 Pliny

154 1724 238 1756 took
252 1724 322 1756 this
330 1692 480 1764 p(misled
503 1724 550 1777 by
566 1724 626 1756 the
648 1729 720 1765 ear)
742 1728 780 1756 to
804 1724 846 1755 be
865 1723 1043 1764 ψαμμῶδες
1065 1734 1104 1756 οι·
1128 1721 1332 1763 ψαμαθῶδες-

201 1767 214 1787 ¹³
237 1767 358 1799 Mitior
375 1768 500 1807 (Greek
517 1767 649 1808 ἥμερος)
667 1768 694 1798 is
712 1778 776 1798 one
793 1767 833 1798 of
846 1767 958 1808 Pliny'
961 1778 976 1798 s
994 1767 1104 1798 words
1128 1767 1180 1798 for
1203 1767 1223 1780 “
1238 1766 1333 1798 culti-

154 1809 297 1842 vatedfl
340 1810 431 1842 That
454 1810 496 1842 he
518 1810 639 1842 should
662 1810 750 1841 have
767 1810 891 1842 chonen
908 1821 929 1841 a
948 1810 1184 1851 comparative
1204 1810 1233 1841 is
1255 1809 1326 1840 odd

154 1853 223 1884 and
239 1863 303 1884 one
318 1857 473 1895 suspects
488 1853 568 1885 that,
592 1853 692 1894 Pliny
712 1863 795 1902 may
818 1853 907 1884 have
929 1853 1035 1884 taken
1058 1852 1176 1893 ἥμερος
1190 1855 1228 1883 to
1252 1851 1294 1883 be
1317 1860 1339 1882 a

154 1896 403 1970 conlilparailtnlrltzl
412 1896 511 1928 form
504 1896 648 1970 ,lee‘re
659 1892 832 1979 671ξὶίέοᾶοὴ
853 1895 1027 1937 generally
1047 1895 1154 1927 taken
1175 1897 1214 1927 to
1240 1907 1342 1930 mean

190 1949 210 1970 o
249 1950 272 1979 y
287 1949 302 1970 s
329 1950 349 1980 g
405 1950 427 1979 y
444 1939 514 1978 pric
554 1950 577 1980 y

202 1982 299 2014 ⁶See
316 1981 429 2013 XXV.
448 1983 462 2021 §
477 1983 529 2013 80.

158 2053 229 2089 234
