1469 2299
414 148 608 185 PLINY:
655 149 916 186 NATURAL
950 149 1184 187 HISTORY

214 250 374 300 thymos
407 253 525 294 nitro,
557 250 684 287 farina
717 251 862 287 additis
895 251 1053 288 tollunt.
1110 252 1222 300 spodi
1257 255 1382 288 vicem

217 309 383 345 exhibet
422 309 611 346 fruticum
651 323 672 345 a
712 310 844 346 radice
885 313 1120 346 exeuntium
1159 313 1267 346 cinis.
1326 312 1384 347 bis

216 368 349 404 lotusl
386 368 543 405 adiecto
579 368 782 417 psimithio
816 368 1013 418 digeritur
1048 372 1086 405 in
1122 369 1299 418 pastillos
1336 369 1385 406 ad

215 426 348 463 ulcera
369 427 572 464 oculorum
594 433 636 464 et
656 428 897 464 scabritiam.

127 490 187 522 126
269 485 410 522 LXIV.
441 486 658 535 Caprificus
680 489 901 522 etiamnum
923 486 1049 522 multo
1071 486 1265 523 efficacior
1293 486 1387 530 fico;

214 545 369 581 surculo
404 558 563 594 quoque
599 547 682 581 eius
723 545 826 581 lacte
856 545 1092 595 coagulatur
1121 548 1161 581 in
1190 545 1383 582 caseum.2

216 604 328 640 laetis
358 606 487 640 minus
522 603 698 646 habet;3
729 609 945 652 exceptum
977 603 1016 640 id
1047 609 1312 654 coactumque
1347 607 1386 640 in

215 663 403 698 duritiam
434 665 676 699 suavitatem
707 663 890 699 carnibus
915 662 1048 699 adfert
1075 661 1230 699 fricatu.
1289 663 1387 699 dilu-

215 727 301 757 tum
314 721 329 743 ‘¹
350 734 399 757 ex
417 726 532 758 aceto
547 724 740 757 miscetur
756 721 1056 757 exulceratoriis
1069 721 1388 765 medicamentis,

217 780 348 816 alvum
387 780 517 824 solvit,
557 780 715 816 vulvam
755 793 845 816 cum
881 780 1013 830 amylo
1052 782 1196 829 aperit,
1230 793 1388 817 menses

216 842 295 875 ciet
325 852 414 875 cum
445 839 555 875 luteo
586 841 661 875 ovi.
717 839 941 888 podagricis
971 852 1061 875 cum
1086 838 1215 875 farina
1244 838 1387 875 Graeci

216 897 296 934 feni
337 898 529 934 inlinitur.
585 897 730 947 lepras,
770 911 921 946 psoras,
952 897 1142 941 lichenas,
1172 897 1387 947 lentigines

217 962 430 1006 expurgat,
455 959 554 992 item
580 962 871 992 venenatorum
895 958 997 993 ictus
1024 962 1065 992 et
1089 959 1197 993 canis
1221 970 1386 993 morsus.

127 1021 185 1051 127
215 1015 398 1052 dentium
426 1028 587 1065 quoque
614 1015 739 1052 dolori
767 1014 829 1051 hic
855 1028 971 1051 sucus
999 1015 1205 1064 adpositus
1231 1017 1272 1051 in
1298 1015 1389 1051 lana

216 1075 378 1123 prodest
415 1080 484 1110 aut
519 1077 559 1110 in
593 1087 691 1110 cava
725 1087 863 1110 eorum
898 1073 1072 1110 additus.
1128 1073 1310 1110 cauliculi
1346 1079 1389 1110 et

216 1133 309 1170 folia
325 1134 505 1169 admixto
520 1146 612 1169 ervo
626 1138 766 1169 contra
779 1135 1023 1169 marinorum
1038 1146 1193 1169 venena
1206 1138 1386 1182 prosunt.

216 1192 386 1229 adicitur
424 1198 465 1228 et
502 1194 650 1228 vinum.
705 1191 875 1228 bubulas
913 1204 1052 1228 carnes
1090 1191 1216 1228 additi
1255 1191 1388 1228 caules

216 1265 362 1301 magno
393 1251 488 1301 ligni
518 1250 741 1300 conpendio
771 1256 1035 1300 percoquunt.
1090 1252 1216 1300 grossi
1249 1250 1389 1286 inlitae

217 1317 389 1346 strumas
423 1316 463 1346 et
495 1323 655 1346 omnem
687 1309 965 1346 collectionem
999 1309 1208 1346 emolliunt
1240 1314 1282 1346 et
1313 1309 1389 1346 dis-

216 1372 388 1412 cutiunt,
413 1369 666 1418 aliquatenus
690 1374 732 1405 et
755 1367 860 1405 folia.
917 1381 1021 1417 quae
1043 1368 1274 1405 mollissima
1296 1373 1390 1405 sunt

217 1441 264 1464 ex
305 1427 364 1464 his
404 1442 493 1464 cum
533 1433 648 1464 aceto
689 1427 822 1463 ulcera
860 1429 1082 1471 manantia,
1121 1427 1389 1476 epinyctidas,

128 1492 188 1523 128
216 1486 388 1523 furfures
412 1492 568 1523 sanant.
624 1500 714 1522 cum
738 1486 855 1522 melle
880 1485 981 1522 foliis
1005 1488 1110 1522 ceria
1132 1491 1326 1522 sanantur
1348 1491 1390 1522 et

267 1574 277 1591 ¹
303 1573 392 1604 lotus
417 1573 524 1604 Ianus
550 1571 632 1611 (coll.
650 1572 665 1612 ξ
681 1573 748 1613 97),
776 1570 949 1614 Dellefsen,
974 1566 1147 1612 flIayhoff:
1177 1574 1293 1603 coetus
1317 1571 1388 1612 plu-

219 1616 296 1647 rimi
311 1617 399 1647 codd.
418 1628 424 1646 :
447 1619 559 1646 tostus
575 1615 658 1656 vzth.

263 1659 274 1676 ²
301 1669 435 1689 caseum
453 1657 613 1700 Detlefsen
635 1663 763 1690 veterem
781 1657 855 1689 edit.
874 1662 1001 1688 secutus
1017 1670 1023 1687 z
1055 1667 1151 1688 caseo
1168 1657 1256 1689 codd.

261 1701 273 1719 ³
301 1703 343 1732 In
355 1703 444 1733 codd.
458 1701 555 1732 laetis
572 1703 683 1732 minus
696 1701 800 1732 habet
817 1706 888 1741 post
900 1700 963 1731 fico
979 1712 986 1731 z
1012 1699 1178 1731 transtulit
1195 1699 1355 1740 Mayhoff.

263 1745 275 1763 ⁴¹
300 1745 412 1776 adfert
429 1745 564 1776 fricatu.
592 1745 740 1775 dilutum
764 1743 920 1784 Mayhoff
932 1756 938 1774 :
965 1743 1088 1775 adfert.
1113 1743 1254 1774 fricatur
1277 1743 1387 1774 diluto

218 1798 259 1818 ex
277 1788 366 1819 codd.

251 1889 264 1902 ‘¹
290 1885 502 1916 Dioscorides
519 1884 580 1915 has
598 1885 640 1922 (I.
661 1885 722 1916 128
742 1884 758 1924 ξ
776 1887 828 1923 5):
857 1883 940 1923 ὠμοὶ
954 1882 989 1914 δὲ
1004 1881 1187 1923 μυρμηκίας
1203 1881 1257 1913 καὶ
1274 1881 1390 1922 θύμους

209 1928 265 1959 σῦν
291 1927 387 1968 νίτρῳ
411 1927 463 1958 καὶ
491 1927 617 1968 ἀλεύρῳ
641 1926 920 1959 καταπλασθέντες
944 1926 1080 1965 αἴρουσι.
1107 1925 1209 1965 Θύμοι
1237 1935 1323 1955 were
1352 1935 1390 1955 so

209 1970 316 2001 called
334 1970 476 2001 because
495 1971 577 2010 they
595 1969 782 2000 resembled
799 1969 857 2000 the
873 1969 1003 2000 flowers
1019 1968 1057 1999 of
1071 1968 1190 2008 thyme

256 2013 267 2032 ὸ
292 2013 357 2044 For
372 2013 527 2053 spodium
543 2023 597 2044 see
614 2017 693 2044 note
710 2023 753 2044 on
770 2014 784 2053 §
803 2013 853 2044 71.

214 2076 283 2121 498
