1469 2299
138 220 179 251 20

140 526 177 556 21

411 113 599 149 PLINY:
643 112 903 148 NATURAL
941 111 1174 147 HISTORY

255 215 304 251 X.
334 214 520 251 Silvestre
565 228 703 263 rapum
748 217 787 250 in
832 216 932 249 arvis
977 216 1149 249 maxime
1195 215 1381 255 nascitur,

208 276 454 319 fruticosum,
495 279 646 312 semine
687 275 869 318 candido,
911 275 1031 323 duplo
1072 276 1220 310 maiore
1262 288 1379 323 quam

206 351 392 386 papaver.
447 337 521 374 hoc
541 337 591 374 ad
610 337 862 387 levigandam
882 342 1014 372 cutem
1035 338 1075 371 in
1094 335 1194 371 facie
1215 340 1381 384 totoque

206 411 368 448 corpore
408 404 575 435 utuntur
613 401 738 434 mixta
777 398 903 434 farina
942 399 1025 446 pari
1063 410 1248 433 mensura
1287 399 1380 439 ervi,

206 459 341 496 hordei
370 466 411 496 et
438 462 558 496 tritici
587 466 627 496 et
654 460 789 508 lupini.
844 459 957 495 radix
985 458 1034 495 ad
1061 460 1193 495 onmia
1219 458 1379 494 inutilis.

257 521 327 558 XI.
359 521 562 570 Naporum
603 521 700 557 duas
741 520 984 557 differentias
1025 525 1067 556 et
1106 522 1147 555 in
1186 519 1382 556 medicina

206 582 348 619 Graeci
383 589 555 619 servant.
612 582 809 632 angulosis
846 582 1026 618 foliorum
1062 581 1252 624 caulibus,
1287 580 1381 617 flore

206 646 328 688 aneti,
352 644 458 693 quod
481 645 629 680 bunion
653 649 795 680 vocant
818 644 1120 693 purgationibus
1144 641 1380 679 feminarum

207 711 248 741 et
272 708 424 742 vesicae
449 711 489 742 et
513 708 650 742 urinae
674 706 771 741 utile
795 705 1019 747 decoctum,
1042 709 1182 753 potum
1206 717 1255 740 ex
1279 717 1382 753 aqua

206 767 332 803 mulsa
360 767 421 803 vel
449 769 529 804 suci
558 766 760 810 drachma,
789 780 925 803 semen
955 766 1203 816 dysintericis
1232 770 1381 802 tostum

207 830 426 878 tritumque
458 831 498 864 in
529 841 656 878 aquae
687 828 838 864 calidae
870 827 1024 878 cyathis
1056 832 1257 877 quattuor.
1313 827 1382 863 sed

208 892 359 926 urinam
402 889 569 933 inhibet,
610 892 640 926 si
683 903 761 926 non
803 889 869 925 lini
911 902 1049 925 semen
1090 902 1169 925 una
1209 889 1381 924 bibatur.

206 951 376 987 alterum
396 964 523 1001 genus
544 951 719 988 buniada
740 951 945 1000 appellant
966 956 1007 986 et
1029 949 1205 1000 raphano
1227 955 1269 986 et,
1289 963 1384 999 rapo

205 1012 345 1054 simile,
367 1015 527 1049 seminis
550 1013 740 1062 praeclari
763 1018 902 1049 contra
924 1025 1090 1048 venena.
1146 1012 1197 1048 ob
1219 1011 1259 1048 id
1282 1016 1324 1047 et
1345 1013 1384 1047 in

207 1074 396 1110 antidotis
417 1080 587 1110 utuntur
606 1074 682 1110 illo.

257 1135 350 1172 XII.
380 1135 617 1185 Raphanum
643 1141 684 1172 et
708 1135 930 1172 silvestrem
955 1148 1040 1171 esse
1065 1135 1248 1171 diximus.
1303 1134 1383 1171 lau-

205 1197 432 1234 datissimus
459 1200 498 1233 in
525 1197 710 1241 Arcadia,
738 1211 980 1246 quamquam
1009 1202 1050 1233 et
1077 1196 1168 1233 alibi
1197 1198 1384 1239 nascitur,

207 1259 338 1295 utilior
370 1261 505 1295 urinae
538 1259 752 1295 dumtaxat
783 1258 962 1301 ciendae,
995 1263 1130 1295 cetero
1163 1263 1382 1295 aestuosus.

206 1322 244 1355 in
266 1320 382 1356 Italia
402 1326 444 1357 et
463 1323 719 1357 armoraciam
740 1326 894 1357 vocant.

257 1382 373 1418 XIII.
403 1382 457 1418 Et
490 1384 605 1418 sativi
641 1395 733 1418 vero
767 1388 928 1431 praeter
963 1395 1010 1418 ea
1044 1394 1147 1431 quae
1182 1383 1284 1417 circa
1318 1394 1384 1418 eos

205 1443 312 1479 dicta
334 1449 428 1480 sunt
450 1443 700 1480 stomachum
723 1449 911 1493 purgant,
935 1446 1123 1493 pituitam
1146 1448 1384 1486 extenuant,

205 1507 358 1541 urinam
386 1508 602 1548 concitant,
630 1505 750 1542 bilem
778 1504 1009 1541 detrahunt.
1064 1510 1276 1555 praeterea
1303 1517 1384 1541 cor-

205 1568 302 1602 tices
334 1569 372 1602 in
403 1569 493 1603 vino
523 1566 677 1603 decocti
709 1580 826 1603 mane
856 1569 941 1616 poti
971 1566 1021 1603 ad
1052 1572 1186 1603 ternos
1216 1565 1382 1617 cyathos

206 1630 480 1665 comminuunt
519 1634 560 1665 et
599 1631 748 1665 eiciunt
785 1628 967 1665 calculos.
1022 1628 1144 1665 iidem
1181 1630 1221 1664 in
1265 1641 1386 1677 posca

205 1688 358 1725 decocti
397 1696 535 1726 contra
572 1692 819 1739 serpentium
857 1703 1008 1727 morsus
1046 1689 1278 1726 inlinuntur.
1334 1689 1383 1726 ad

206 1754 344 1787 tussim
375 1754 496 1788 etiam
526 1764 643 1788 mane
672 1754 813 1788 ieiunis
842 1751 1042 1801 raphanus
1071 1751 1265 1801 prodestl
1294 1764 1384 1788 cum

472 1823 482 1840 ¹
507 1822 677 1862 raphanos
702 1822 841 1862 prodest,
863 1832 935 1853 esse
959 1821 1123 1862 Maylzofs.

249 1909 263 1923 ‘²
288 1905 385 1937 XIX.
403 1907 416 1945 §
435 1908 487 1937 82.
535 1907 568 1938 I‘r,
584 1908 611 1937 is
628 1906 686 1938 the
703 1906 942 1940 horse-radish.

205 1948 379 2023 ragjggggh
390 1951 583 2024 ᾃΙέξζὴοῆέ
603 1951 763 1992 reading:
798 1951 863 1982 “It
883 1952 909 1982 is
928 1950 1015 1992 good
1034 1950 1087 1982 for
1104 1961 1125 1982 a
1144 1950 1253 1992 cough
1272 1954 1309 1982 to
1328 1953 1386 1981 eat

209 2049 252 2080 14
