1469 2299
80 213 140 242 174

82 852 141 882 176

84 1118 141 1148 177

375 104 569 143 PLINY:
614 106 875 144 NATURAL
908 106 1143 144 HISTORY

219 207 361 244 LXVI.
393 206 592 258 Piperitis,
631 221 751 258 quam
789 214 831 244 et
867 208 1135 257 siliquastrum
1173 209 1342 258 appella-

166 263 305 305 vimus,
331 267 469 298 contra
497 262 653 298 morbos
682 261 899 298 comitiales
929 262 1089 298 bibitur.
1139 262 1278 298 Castor
1304 269 1344 298 et

168 314 283 350 aliter
311 314 642 352 demonstrabat.1
695 314 807 351 caule
836 315 954 351 rubro
983 321 1024 352 et
1055 314 1186 365 longo,
1215 315 1345 352 densis

169 368 374 417 geniculis,
417 368 518 405 foliis
561 368 674 412 lauri,
717 371 868 405 semine
912 367 1015 412 albo,
1057 371 1183 412 tenui,
1226 375 1344 418 gustu

166 424 326 470 piperis,
358 422 499 458 utilem
530 424 713 472 gingivis,
745 422 946 465 dentibus,
978 423 1054 458 oris
1085 424 1270 458 suavitati
1305 428 1345 458 et

167 475 354 511 ructibus.

220 528 383 564 LXVII.
414 527 634 578 Origanum
662 528 767 577 quod
797 530 836 564 in
862 541 1002 577 sapore
1030 528 1185 564 cunilae
1213 541 1345 564 aernu-

168 581 284 624 latur,
314 587 357 618 ut
386 582 572 626 diximus,
600 581 712 631 plura
740 594 889 631 genera
917 584 956 617 in
986 581 1181 617 medicina
1208 580 1344 618 habet.

168 637 307 678 onitin,
337 634 400 670 alii
431 637 588 683 prasion
618 635 822 683 appellant
855 648 933 670 non
965 635 1153 670 dissimile
1183 634 1345 684 hysopo.

168 690 351 736 privatim
373 691 456 724 eius
476 702 568 724 usus
588 694 725 724 contra
746 691 919 724 rosiones
939 688 1131 724 stomachi
1153 690 1191 723 in
1210 688 1347 736 tepida

170 754 273 789 aqua
313 747 353 777 et
393 747 530 778 contra
568 741 801 784 cruditates,
841 754 1004 777 araneos
1044 744 1347 790 scorpionesque

169 797 207 830 in
225 797 314 830 vino
331 794 434 836 albo,
452 795 589 831 luxata
607 801 647 831 et
665 797 819 831 incussa
835 797 874 830 in
892 800 1006 831 aceto
1024 800 1063 830 et
1082 795 1169 830 oleo
1187 801 1226 830 et
1244 794 1345 830 lana.

221 848 407 884 LXVIII.
437 848 749 898 Tragoriganum
786 848 948 884 similius
985 854 1045 884 est
1080 848 1251 898 serpyllo
1286 848 1346 884 sil-

169 904 301 937 vestri.
356 904 509 937 urinam
532 904 625 945 ciet,
646 907 822 938 tumores
844 901 1021 944 discutit,
1042 907 1180 937 contra
1200 903 1345 937 viscum

169 960 308 1003 potum
345 957 585 1004 viperaeque
621 957 744 991 ictum
783 955 1107 997 efficacissimum,
1144 954 1348 991 stomacho

169 1008 282 1044 acida
313 1011 486 1044 ructanti
519 1014 560 1044 et
592 1008 842 1057 praecordiis.
898 1008 1157 1044 tussientibus
1189 1021 1348 1057 quoque

169 1075 258 1097 curn
286 1061 404 1098 melle
433 1061 551 1098 datur
580 1068 621 1098 et
649 1061 865 1111 pleuriticis
895 1067 936 1098 et
965 1061 1321 1111 peripleumonicis.

222 1114 366 1151 LXIX.
398 1115 626 1151 Heraclium
675 1128 834 1164 quoque
882 1118 959 1151 tria
1006 1127 1155 1164 genera
1203 1114 1348 1151 habet:

172 1170 319 1217 nigrius
345 1168 550 1205 latioribus
572 1168 686 1211 foliis,
706 1168 964 1218 glutinosum,
985 1168 1154 1205 alterum
1182 1167 1348 1204 exiliori-

169 1221 256 1265 buS‚
287 1221 455 1265 mollius,
486 1221 722 1271 sampsucho
752 1235 830 1258 non
860 1221 1062 1265 dissimile,
1093 1221 1198 1270 quod
1229 1221 1347 1270 aliqui

170 1278 326 1323 prasion
350 1289 489 1311 vocare
513 1276 679 1312 malunt.
736 1277 899 1311 tertium
925 1278 1029 1311 inter
1051 1274 1149 1311 haec
1173 1275 1346 1311 medium

171 1334 245 1371 est,
281 1331 410 1365 minus
447 1341 567 1378 quam
603 1335 737 1365 cetera
776 1329 925 1365 efficax.
981 1331 1175 1377 optimum
1213 1334 1347 1364 autem

171 1382 385 1425 Creticum,
420 1396 512 1418 nam
548 1388 589 1419 et
622 1382 794 1418 iucunde
828 1382 923 1425 olet,
958 1385 1181 1431 proximum
1215 1381 1347 1431 Zmyr-

171 1448 315 1471 naeum
342 1435 572 1480 inodoriuS‚2
595 1435 916 1472 Heracleoticum
947 1435 998 1472 ad
1026 1441 1166 1484 potum
1200 1435 1348 1478 utilius,

218 1566 229 1583 ¹
253 1565 393 1596 Castore
412 1565 528 1596 taliter
546 1565 805 1596 demonstrante
820 1565 905 1605 valy.

217 1607 228 1626 ²
253 1608 427 1638 inodorius
454 1608 585 1639 Urlichs
607 1613 635 1640 et
658 1608 845 1649 Detlefsen:
881 1608 999 1639 durius
1024 1607 1198 1648 Mayhoff:
1234 1607 1349 1639 dorius

172 1654 230 1680 aut
247 1652 385 1682 odorius
401 1651 491 1682 codd.

216 1801 230 1858 ζ
254 1797 578 1874 {risshiuliggaston
602 1839 767 1875 botanist,
789 1839 884 1871 often
907 1839 1104 1870 mentioned
1127 1838 1172 1879 by
1195 1839 1306 1880 Pliny.

219 1887 230 1901 ⁰
254 1882 348 1913 With
360 1882 420 1913 the
433 1883 532 1913 other
548 1882 687 1924 reading
700 1882 803 1921 (after
815 1893 949 1914 comma
960 1882 1094 1913 instead
1112 1881 1150 1912 of
1167 1881 1229 1912 full
1243 1887 1347 1923 stop):

174 1926 193 1937 ‘⁴
208 1926 329 1956 Castor
349 1926 466 1966 giving
488 1926 547 1956 the
568 1925 741 1966 following
763 1925 1008 1966 description.’‘

216 1966 230 1986 '¹
253 1968 314 1999 See
337 1967 437 2000 XIX.
461 1969 564 2007 §lsi-⁷).

178 2051 243 2075 102
