1469 2299
71 401 131 431 184

73 955 132 986 185

359 107 554 145 PLINY:
599 108 859 146 NATURAL
892 107 1125 146 HISTORY

155 210 304 254 ferunt,
320 210 426 247 utilis
449 210 713 260 alopeciisque
731 216 773 247 et
789 210 982 260 lentigini.
1036 211 1157 247 boum
1171 225 1328 261 quoque

158 273 331 309 scabiem
348 272 552 308 celerrime
569 274 697 308 sanari
716 285 763 308 ea
778 274 948 315 invenio,
965 272 1071 322 apud
1088 272 1329 309 Nicandrum

158 334 320 383 quidem
352 339 393 370 et
424 336 669 383 serpentium
702 347 865 377 morsus,
898 339 1112 383 antequam
1146 334 1271 370 floret.

209 395 332 432 CVII.
362 395 445 431 Nec
484 395 534 431 de
573 409 694 432 cneco
733 397 813 431 sive
853 395 1090 445 atractylide
1130 396 1330 433 verbosius

156 457 231 494 dici
262 471 332 506 par
361 463 480 501 esset,
510 458 713 507 Aegyptia
741 456 879 500 herba,
908 459 946 493 ni
975 470 1165 506 magnum
1194 463 1330 494 contra

157 524 355 555 venenata
374 519 557 555 animalia
576 519 789 568 praeberet
807 518 1012 561 auxilium,
1030 521 1127 555 item
1145 518 1331 555 adversus

158 580 312 630 fungos.
367 586 525 617 constat
568 593 589 616 a
633 583 837 629 scorpione
880 593 1098 629 percussos,
1142 580 1331 630 quamdiu

158 648 326 678 teneant
351 655 439 678 eam
463 641 642 685 herbam,
666 655 742 678 non
766 644 914 678 sentire
937 644 1168 678 cruciatum.

211 703 356 739 CVIII.
385 704 439 740 Et
477 703 700 753 pesolutam
738 703 950 753 Aegyptus
987 705 1026 739 in
1063 702 1186 740 hortis
1223 706 1332 747 serit,

157 778 390 802 coronarum
431 768 573 815 gratia.
628 765 707 802 duo
747 778 897 815 genera
939 767 1043 801 eius:
1099 765 1247 801 femina
1288 779 1332 802 ac

158 841 256 870 mas,
299 833 469 877 utraque
510 827 672 864 subdita
713 840 899 863 venerem
941 826 1122 870 inhiberi,
1163 830 1331 863 virorum

158 891 346 932 maxime,
370 889 547 925 tradunt.

210 950 313 987 CIX.
344 951 396 987 Et
419 953 606 1000 quoniam
628 952 667 986 in
689 952 883 987 mensuris
905 963 1064 999 quoque
1086 964 1130 986 ac
1153 950 1332 999 ponderi-

160 1012 233 1048 bus
264 1013 401 1049 erebro
433 1013 595 1049 Graecis
626 1013 850 1049 nominibus
882 1012 1077 1048 utendum
1109 1018 1183 1055 est,
1213 1014 1333 1048 inter-

160 1076 429 1123 pretationem
469 1087 605 1110 eorum
645 1073 767 1110 semel
807 1072 880 1110 hoc
919 1076 958 1110 in
996 1073 1081 1110 loco
1119 1086 1333 1123 ponemus:

161 1135 350 1172 drachma
398 1135 671 1172 Attica—fere
721 1138 825 1171 enim
875 1136 1011 1172 Attica
1058 1136 1334 1172 observatione

161 1197 302 1234 medici
350 1197 720 1234 utuntur—denarii
770 1200 950 1247 argentei
997 1196 1121 1233 habet
1166 1197 1334 1246 pondus,

164 1259 387 1309 eademque
410 1272 447 1295 v1
470 1259 604 1296 obolos
625 1259 801 1309 pondere
822 1259 954 1303 efficit,
971 1259 1108 1296 obolus
1125 1272 1147 1295 x
1166 1258 1332 1295 chalcos.

164 1321 332 1370 cyathus
362 1321 513 1370 pendet
542 1334 613 1370 per
641 1333 682 1357 se
712 1320 919 1357 drachmas
951 1333 985 1364 x,
1013 1334 1102 1357 cum
1135 1320 1332 1357 acetabuli

160 1396 346 1419 mensura
374 1383 532 1426 dicitur,
552 1382 749 1429 significat
776 1381 961 1419 heminae
983 1388 1181 1432 quartam,
1202 1382 1242 1419 id
1271 1387 1333 1418 est

164 1444 371 1481 drachmas
411 1457 469 1481 nr.
524 1458 630 1487 mna,
668 1457 788 1494 quam
827 1447 951 1481 nostri
988 1447 1137 1481 minam
1178 1449 1334 1487 vocant,

162 1506 313 1555 pendet
340 1505 547 1543 drachmas
575 1507 730 1543 Atticas
757 1519 789 1543 c.

605 1608 618 1622 ‘²
644 1603 802 1635 Theriaca
825 1604 899 1633 626.

168 2043 237 2078 290
