1469 2299
114 418 173 448 136

113 674 171 705 137

116 1188 176 1219 138

402 117 596 155 PLINY:
641 119 902 156 NATURAL
935 118 1170 156 HISTORY

200 220 315 256 nibus
339 220 412 256 coli
435 220 498 256 vel
521 233 571 257 ex
594 233 699 270 aqua
721 220 783 257 vel
807 233 856 256 ex
879 223 984 264 vino,
1006 223 1105 257 item
1128 223 1307 257 iocineris
1331 226 1373 257 et

198 287 351 320 renium
370 283 606 334 suffusisque
625 284 717 321 felle
737 290 778 321 et
796 284 1036 335 hydropicis,
1054 298 1126 334 per
1143 297 1185 321 se
1204 284 1263 321 vel
1283 298 1372 321 cum

199 347 410 385 absinthio.
466 350 571 385 sistit
601 351 886 398 purgationum
917 349 1126 385 mulierum
1158 351 1344 398 impetus.

252 412 413 449 LXXX.
445 413 540 449 Eius
568 426 660 449 vero
687 412 794 462 quod
821 411 931 462 phun
959 413 1101 449 eodem
1129 413 1212 450 loeo
1239 413 1375 463 appel-

198 476 365 513 lavimus
384 476 498 513 radix
518 476 639 513 datur
659 479 771 526 potui
792 480 889 513 trita
910 476 970 512 vel
990 477 1157 513 decocta
1178 477 1227 513 ad
1247 483 1374 514 stran-

199 540 360 591 gulatus
398 541 458 577 vel
495 543 667 590 pectoris
703 540 858 578 dolores
895 541 956 577 vel
994 541 1164 578 laterum
1201 554 1373 591 quoque.

198 617 356 641 menses
375 608 466 641 ciet.
521 605 674 642 bibitur
690 618 781 642 cum
800 607 902 642 vino.

252 669 436 705 LXXXI.
468 669 636 706 Crocum
683 669 801 706 melle
849 683 928 706 non
975 669 1140 706 solvitur
1188 669 1375 720 nulloque

200 733 318 776 dulci,
336 732 522 770 facillime
541 739 678 770 autem
697 736 786 770 vino
804 739 876 770 aut
893 747 1009 783 aqua.
1066 733 1319 770 utilissimum
1337 736 1377 770 in

200 797 409 834 medicina.
465 798 700 834 adservatur
731 810 876 835 cornea
907 797 1068 849 pyxide.
1124 798 1289 835 discutit
1320 800 1376 834 in-

201 861 493 898 flammationes
515 874 652 898 omnes
675 862 851 911 quidem,
872 862 943 898 sed
964 861 1167 898 oculorum
1188 864 1376 906 maxime,

201 939 249 961 ex
281 940 353 962 ovo
383 927 523 969 intus,l
552 926 756 963 vulvarum
787 939 947 976 quoque
977 926 1258 976 strangulatus,
1298 932 1378 963 sto-

200 989 329 1026 machi
351 990 683 1035 exulcerationes,
704 993 875 1040 pectoris
896 996 937 1026 et
959 993 1126 1033 renium,
1146 992 1377 1035 iocinerum,

202 1054 436 1104 pulmonum
460 1057 775 1104 vesicarumque,
799 1054 1055 1104 peculiariter
1073 1054 1377 1091 inflammationi

203 1131 339 1155 earum
373 1118 635 1156 vehementer
667 1119 779 1163 utile,
810 1122 909 1155 item
942 1121 1039 1155 tussi
1073 1124 1115 1155 et
1146 1118 1377 1168 pleuriticis.

202 1183 306 1219 tollit
345 1189 386 1219 et
425 1186 614 1232 pruritus,
653 1186 785 1220 urinas
822 1185 914 1220 ciet.
970 1185 1037 1232 qui
1075 1196 1233 1219 crocum
1271 1185 1378 1232 prius

202 1247 376 1283 biberint
404 1248 607 1297 crapulam
634 1261 712 1284 non
740 1250 931 1289 sentient,
960 1247 1146 1284 ebrietati
1177 1250 1377 1284 resistent.

202 1324 371 1348 coronae
388 1325 547 1361 quoque
564 1325 612 1348 ex
630 1325 677 1348 eo
693 1311 870 1349 mulcent
886 1312 1140 1348 ebrietatem.
1195 1325 1379 1348 somnum

202 1375 312 1418 facit,
340 1383 461 1425 caput
492 1376 635 1412 leniter
664 1381 812 1420 movet,
841 1388 1029 1412 venerem
1058 1375 1250 1412 stimulat.
1307 1375 1379 1413 flos

204 1442 288 1476 eius
315 1443 396 1490 igni
423 1453 534 1476 sacro
560 1440 740 1477 inlinitur
765 1453 856 1477 cum
882 1446 993 1476 creta
1020 1439 1197 1476 Cimolia.
1248 1442 1379 1489 ipsum

204 1504 380 1553 plurimis
403 1504 732 1541 medicaminibus
755 1506 957 1548 miscetur,
980 1504 1141 1555 collyrio
1164 1506 1231 1541 uni
1255 1506 1378 1540 etiam

204 1581 349 1604 nomen
377 1569 501 1605 dedit.

254 1695 263 1712 ¹
289 1697 381 1727 intus
403 1702 474 1736 post
494 1697 618 1727 lanum
639 1696 814 1736 Dellefsen‚
836 1695 877 1727 cf.
901 1696 996 1727 XIV.
1021 1697 1082 1727 150
1101 1700 1129 1727 et
1151 1695 1270 1727 XXII.
1295 1696 1377 1727 114:

206 1739 479 1812 {igilunsuayhoff
505 1739 561 1778 qui
587 1744 614 1770 et
642 1743 727 1779 potu
756 1739 863 1770 coni.:
907 1739 940 1769 in
968 1739 1057 1770 codd.
1089 1738 1266 1770 Caesarius
1292 1739 1377 1770 coni.

251 1942 265 1957 ‘¹
288 1938 396 1968 There
426 1938 453 1968 is
483 1937 584 1968 much
608 1941 644 1968 to
670 1937 710 1968 be
739 1937 812 1968 said
842 1937 894 1968 for
922 1937 981 1968 the
1010 1937 1066 1968 old
1095 1937 1314 1968 emendation
1345 1935 1385 1968 of

206 1982 394 2017 Caesarius,
413 1980 578 2021 “applied
596 1979 754 2020 locally.'’

209 2048 277 2083 260
