1469 2299
402 141 594 178 PLINY:
641 141 903 178 NATURAL
936 141 1172 178 HISTORY

198 248 314 278 aceto
337 255 609 291 consparsum,
632 245 689 278 ita
714 248 758 279 ut
781 243 862 279 bini
885 241 1022 292 cyathi
1044 244 1085 278 in
1107 242 1247 292 tepida
1269 256 1374 292 aqua

198 296 389 332 bibantur
413 301 539 345 utque
562 298 630 345 qui
654 296 802 332 biberit
824 298 865 332 in
888 295 1034 332 lienem
1058 298 1201 332 iaceat.
1257 296 1373 332 clavi—

197 349 310 385 culae
331 351 441 398 ipsae
462 349 606 398 quibus
626 355 774 398 repunt
794 351 896 385 vites
916 351 1038 385 tritae
1059 362 1107 385 ex
1129 362 1234 398 aqua
1252 355 1374 398 potae

161 408 180 437 6
200 405 348 439 sistunt
389 405 652 439 vomitionum
693 402 1039 439 consuetudinem.
1095 404 1192 439 cinis
1233 405 1373 439 vitium

198 469 287 492 cum
311 458 486 505 axungia
508 462 646 492 vetere
668 461 807 492 contra
830 462 1007 492 tumores
1029 455 1199 505 proficit,
1222 456 1374 492 fistulas

199 515 360 559 purgat,
387 523 479 546 mox
508 515 550 546 et
575 515 779 558 persanat,
806 522 1019 545 nervorum
1045 509 1200 546 dolores
1227 508 1374 559 frigore

199 568 306 599 ortos
346 565 739 612 commotionesque,
779 568 966 599 contusas
1006 576 1099 598 vero
1138 568 1274 612 partes
1312 562 1375 599 vel

198 630 288 653 cum
313 616 415 659 oleo,
438 629 577 652 carnes
602 621 882 653 excrescentes
906 618 945 652 in
969 616 1123 652 ossibus
1146 629 1236 652 cum
1260 621 1375 653 aceto

200 675 241 705 et
277 672 396 713 nitro,
431 672 683 719 scorpionum
719 675 762 706 et
795 683 939 705 canum
975 669 1113 718 plagas
1149 683 1238 705 cum
1273 669 1373 706 oleo.

200 725 356 760 corticis
382 736 454 772 per
477 736 519 759 se
544 725 641 760 cinis
666 723 871 759 conbustis
895 722 994 772 pilos
1020 722 1184 759 reddit.l

167 791 176 811 ι
255 776 322 812 IV.
353 776 621 826 Omphacium
666 789 745 826 qua
789 776 904 812 fieret
948 778 1104 812 ratione
1148 778 1375 825 incipientis

200 843 301 865 uvae
344 830 562 879 pubertate
604 832 644 866 in
685 835 985 879 unguentorum
1027 829 1113 866 loco
1154 829 1374 866 docuimus.

200 896 305 919 nunc
331 883 381 919 ad
407 883 649 920 medicinam
674 883 725 920 de
752 896 799 919 eo
826 885 1073 932 pertinentia
1099 883 1374 919 indicabimus.

200 942 316 973 sanat
348 943 390 973 et
421 950 525 986 quae
555 939 596 972 in
626 949 765 973 umore
796 939 876 973 sint
906 936 1054 979 ulcera,
1085 942 1129 972 ut
1167 939 1258 979 oris,
1289 942 1376 973 ton-

200 990 391 1033 sillarum,
419 990 671 1040 genitalium.
727 990 931 1026 oculorum
959 989 1133 1026 claritati
1162 990 1377 1039 plurimum

200 1043 371 1087 confert,
386 1044 600 1080 scabritiae
613 1057 809 1093 genarum
831 1043 1111 1092 ulceribusque
1126 1043 1377 1093 angulorum,

201 1097 424 1140 nubeculis,
438 1097 637 1134 ulceribus
652 1110 907 1147 quacumque
921 1099 961 1133 in
974 1102 1090 1146 parte
1104 1098 1377 1139 manantibus,

198 1151 448 1187 cicatricibus
493 1150 693 1194 marcidis,
738 1151 892 1187 ossibus
937 1150 1152 1200 purulente
1198 1150 1378 1187 limosis.2

200 1207 412 1251 mitigatur
428 1204 687 1241 vehementia
705 1206 788 1241 eius
806 1204 924 1240 melle
943 1209 1013 1240 aut
1029 1217 1158 1253 passo.
1214 1203 1378 1254 prodest

202 1263 244 1294 et
264 1258 533 1308 dysintericis,
555 1260 794 1308 sanguinem
817 1258 1116 1299 excreantibus,
1138 1259 1307 1307 anginis.

252 1377 263 1395 ¹
287 1375 474 1407 combustis
505 1377 591 1417 pilos
613 1375 725 1407 reddit
747 1377 835 1408 codd.
858 1381 886 1408 el
908 1376 1064 1408 editores:
1102 1376 1270 1407 combusti
1293 1376 1378 1417 pilos

207 1419 295 1450 radit
313 1421 342 1450 F
343 1420 468 1452 ro‘hner.

249 1462 261 1480 ²
287 1462 417 1493 ossibus
432 1463 521 1494 codd.
538 1474 545 1493 ε
575 1461 714 1493 auribus
729 1461 827 1503 Silliq
841 1466 913 1502 post
929 1462 961 1492 H
964 1462 1033 1493 ard.
1049 1461 1163 1493 collato
1178 1461 1376 1493 Dioscorida.

243 1618 257 1632 ⁴¹
282 1614 459 1645 Fro'hner's
489 1613 707 1645 emendation
738 1613 849 1644 would
878 1624 999 1644 mean:
1044 1613 1137 1645 “the
1166 1613 1227 1645 ash
1257 1613 1296 1645 of
1320 1613 1379 1645 the

205 1657 305 1688 burnt
323 1656 407 1687 bark
424 1656 469 1698 by
487 1657 580 1688 itself
592 1660 665 1688 acts
682 1667 718 1688 as
735 1668 753 1688 a
771 1656 998 1697 depilatory.”

245 1700 257 1719 ¹²
281 1701 339 1731 See
359 1700 440 1732 XII.
458 1700 474 1741 ξ
494 1701 563 1731 130.

249 1748 259 1762 ⁰
284 1744 343 1774 We
368 1747 460 1774 must
484 1742 671 1774 remember
694 1743 772 1774 that
795 1741 854 1774 the
879 1742 1031 1774 Romans
1054 1741 1152 1774 knew
1175 1742 1320 1783 nothing
1342 1742 1381 1773 os

202 1785 386 1826 spectacles
413 1796 450 1816 or
475 1786 573 1817 other
599 1796 715 1816 means
741 1785 780 1816 of
801 1785 981 1826 rectifying
1007 1795 1089 1826 poor
1115 1785 1215 1827 sight.
1264 1785 1379 1816 Hence

187 1829 288 1860 'their
306 1829 465 1860 fondness
482 1829 533 1859 for
549 1828 746 1869 eye-salves.

250 1872 263 1889 ‘¹
288 1872 321 1902 It
334 1882 441 1903 seems
453 1872 646 1913 impossible
659 1876 695 1902 to
709 1882 762 1902 see
774 1871 866 1902 what
879 1870 1031 1902 diseased
1044 1874 1151 1902 states
1165 1880 1221 1901 are
1234 1870 1379 1902 referred

203 1920 238 1945 to
256 1915 300 1956 by
315 1915 372 1945 the
386 1914 496 1945 words
511 1914 716 1946 cicatricibus
730 1913 898 1950 ‘marcidi-5,
913 1915 1040 1946 ossibus
1054 1914 1223 1954 purulente
1239 1913 1378 1945 limosis.

205 1957 388 1993 Marcidus,
405 1957 569 1989 withered
592 1956 768 1998 (decayed‚
784 1957 938 1994 shrunk)‚
961 1957 988 1988 is
1011 1960 1074 1988 not
1095 1967 1139 1988 an
1162 1958 1379 1998 appropriate

203 2000 373 2040 adjective
392 1999 445 2030 for
463 2011 483 2031 a
503 2010 586 2031 sear.
634 1999 821 2037 Forcellini,
842 1999 988 2041 perhaps
1011 2000 1044 2030 in
1066 1999 1233 2031 reference
1252 2003 1289 2031 to
1311 1999 1379 2031 this

201 2062 271 2106 418
