1469 2299
103 589 144 618 88

109 963 149 993 89

370 104 563 142 PLINY:
608 104 869 142 NATURAL
902 103 1137 141 HISTORY

169 222 259 244 cum
276 213 411 244 coctus
430 212 504 250 est,
523 219 714 243 araneoso
731 208 771 241 in
788 205 1030 248 mandendo,
1047 204 1184 255 thyrso
1203 211 1337 242 autem

170 264 234 310 qui
274 264 379 298 inter
415 260 509 297 folia
547 262 693 296 emicat
729 259 951 308 spectabili,
989 258 1090 295 foliis
1128 259 1340 302 latissimis,

171 317 293 351 etiam
335 316 365 351 si
409 314 582 350 arboreis
625 318 906 361 conparentur,
949 312 999 348 ad
1041 312 1341 348 similitudinem

171 381 307 404 eorum
333 380 436 416 quae
463 373 677 416 personata
701 369 740 402 in
767 368 909 402 nostris
935 366 1117 402 amnibus
1143 379 1341 409 vocamus,

170 421 352 470 adeoque
382 420 458 456 Nili
487 422 545 456 sui
575 419 735 456 dotibus
763 419 943 469 gaudent
972 424 1016 455 ut
1044 418 1212 468 inplexis
1240 419 1342 455 colo-

170 478 300 511 casiae
342 474 443 510 foliis
486 476 525 509 in
569 476 717 509 variam
760 475 935 521 speciem
977 485 1159 508 vasorum
1202 478 1342 521 potare

169 530 439 579 gratissimum
462 526 651 563 habeant.
708 528 852 562 seritur
874 528 953 562 iam
976 524 1075 561 haec
1097 528 1137 561 in
1163 525 1290 562 Italia.

220 581 309 618 LII.
342 581 387 617 In
412 581 603 630 Aegypto
627 582 810 629 proxima
833 581 1049 615 auctoritas
1074 578 1243 615 cichorio
1268 584 1343 622 est,

171 635 278 685 quod
320 634 491 671 diximus
533 634 720 669 intubum
759 635 984 669 erraticum.
1040 635 1214 668 nascitur
1252 638 1342 681 post

171 688 367 738 vergilias,
393 687 508 724 floret
533 686 817 736 particulatim.
873 685 984 722 radix
1011 688 1046 721 ei
1072 685 1195 729 lenta,
1221 699 1343 734 quare

173 745 295 779 etiam
320 741 371 778 ad
400 740 555 777 vincula
580 745 750 776 utuntur
779 739 856 776 illa.
912 738 1133 775 anthalium
1162 739 1343 788 longiusl

172 809 193 831 a
206 794 368 831 flumine
379 797 553 831 nascitur
565 793 721 842 mespili
734 793 1011 843 magnitudine
1027 798 1067 828 et
1081 792 1343 829 rotunditate.

172 851 255 885 sine
295 848 449 891 nucleo,
488 850 574 884 sine
613 849 773 890 cortice,
812 845 906 883 folio
945 848 1091 896 cyperi.
1147 846 1343 882 mandunt

171 904 253 952 igni
277 902 494 951 paratum.2
551 900 748 937 mandunt
772 906 815 936 et
837 905 989 943 oetum,
1013 902 1073 935 cui
1099 912 1225 947 pauca
1253 899 1343 935 folia

175 958 434 1005 minimaque,
453 968 590 991 verum
607 954 720 991 radix
738 966 897 1003 magna.
952 952 1165 989 arachidne
1184 953 1345 1002 quidem

174 1015 216 1046 et
246 1022 394 1052 aracos,
425 1022 514 1045 cum
544 1007 723 1044 habeant
751 1007 904 1043 radices
934 1020 1108 1043 ramosas
1139 1020 1183 1042 ac
1213 1006 1345 1042 multi-

174 1063 309 1112 plices,
335 1075 408 1098 nec
434 1061 572 1098 folium
597 1074 671 1097 nec
695 1060 862 1097 herbam
889 1060 1010 1096 ullam
1035 1065 1106 1096 aut
1131 1062 1344 1109 quicquam

174 1116 280 1152 aliud
313 1129 432 1165 supra
465 1121 614 1152 terram
646 1113 811 1151 habent.
835 1154 840 1158 Ι
866 1113 1019 1163 reliqua
1051 1113 1272 1162 vulgarium
1305 1116 1345 1149 in

173 1171 269 1206 cibis
290 1170 396 1219 apud
417 1182 482 1206 eos
503 1168 716 1205 herbarum
737 1170 918 1204 nomina:
953 1166 1198 1216 chondrylla,
1218 1166 1342 1217 hypo-

173 1222 338 1266 choeris,
358 1222 540 1265 caucalis,
558 1221 829 1272 enthryscum,
849 1221 1045 1263 scandix‚³
1066 1233 1168 1269 quae
1189 1221 1240 1257 ab
1260 1220 1344 1257 aliis

175 1283 423 1327 tragopogon
468 1282 644 1319 vocatur,
689 1274 790 1311 foliis
835 1287 948 1311 croco
992 1274 1211 1317 simillimis,
1256 1287 1343 1323 par-

176 1330 370 1373 thenium,
409 1329 636 1379 trychnum,
673 1327 882 1365 corchorus
921 1333 963 1364 et
1001 1328 1052 1363 ab
1090 1329 1342 1376 aequinoctio

177 1390 384 1420 nascentes
406 1382 569 1432 aphace,
587 1381 801 1432 achynops.
857 1383 1066 1430 epipetron
1082 1386 1225 1417 vocant
1242 1393 1344 1430 quae

176 1451 393 1486 numquam
431 1436 558 1473 floret.
614 1442 655 1472 at
694 1448 715 1471 e
752 1437 948 1472 contrario
986 1433 1136 1484 aphace
1174 1434 1342 1471 subinde

176 1496 446 1527 marcescente
471 1490 565 1526 flore
591 1492 742 1526 emittit
766 1489 886 1525 alium
910 1494 998 1525 tota
1021 1487 1153 1524 hieme
1177 1493 1345 1537 totoque

176 1557 267 1581 vere
290 1557 416 1593 usque
438 1546 477 1580 in
500 1549 710 1580 aestatem.

224 1616 235 1634 ¹
266 1614 420 1650 lomius:
456 1614 595 1651 sortasse
626 1623 693 1643 non
724 1613 856 1653 longius
895 1611 945 1650 (οὐ
975 1611 1084 1651 πόρρω
1114 1615 1172 1643 τοῦ
1201 1615 1348 1651 ποταμοῦ

182 1657 369 1697 Theophra
367 1662 425 1687 *xlm
445 1656 533 1686 HNP
552 1656 610 1686 IV.
634 1657 753 1695 8,12).

224 1700 236 1719 ²
260 1701 329 1741 igni
368 1700 549 1739 paratum:
591 1697 718 1736 ἕψουσιν
749 1696 783 1729 ἐν
815 1696 922 1738 βρύτῳ
955 1699 1003 1737 τῷ
1038 1695 1101 1728 ἀπὸ
1131 1699 1197 1728 τῶν
1229 1696 1347 1736 κριθῶν

181 1743 434 1782 Theophrastus,
456 1743 564 1772 ande
557 1753 590 1772 in
612 1742 672 1782 bry
676 1746 712 1772 to
730 1745 889 1781 paratum
907 1740 992 1771 coni.
1017 1739 1125 1780 Silliq.

223 1786 235 1805 ³
258 1786 337 1816 Pas-t
353 1785 494 1816 scandix
511 1785 586 1815 wld.
605 1794 700 1815 come
717 1783 815 1823 Silliq
832 1788 859 1814 et
877 1782 1034 1823 Mayhoff
1046 1793 1084 1814 ex
1102 1782 1333 1822 Theophrasto.

219 1877 233 1891 ⁰
257 1871 408 1912 Perhaps
431 1870 623 1909 (Forcellini
645 1881 703 1901 sflv
727 1867 887 1909 persolata
914 1867 983 1899 and
1010 1871 1230 1908 personata)‘
1235 1868 1347 1909 ‘large

175 1915 310 1971 enough
333 1919 370 1945 to
392 1924 488 1945 serve
511 1923 548 1943 as
574 1923 594 1943 a
622 1912 787 1949 bonnet‚''
815 1912 877 1942 but
903 1911 962 1942 tho
985 1911 1078 1942 word
1099 1911 1222 1942 should
1248 1921 1347 1942 mean

178 1957 389 1994 “masked,'’
404 1956 494 1988 not‘
500 1956 654 1995 ‘serving
672 1965 708 1985 as
727 1965 747 1986 a
765 1955 898 1986 mask.'’

176 2030 246 2063 224
