1469 2299
148 496 189 525 94

150 1135 190 1164 96

150 1509 189 1540 97

418 174 612 211 PLINY:
659 175 920 212 NATURAL
954 176 1188 213 HISTORY

216 276 387 313 dormire
408 276 663 320 volentibus,¹
687 277 896 321 efficacius,
917 280 947 313 si
971 284 1011 314 et
1032 291 1146 314 nares
1168 279 1385 316 inlinantur

217 336 286 366 aut
312 333 341 366 si
371 343 417 366 ex
446 343 549 379 aqua
575 331 748 367 bibatur.
805 333 881 366 oris
908 336 949 366 et
974 330 1122 367 halitus
1148 335 1388 369 suavitatem

217 383 472 419 commendat
532 383 692 433 linguae
741 383 945 420 subditum
997 384 1148 427 folium,
1198 388 1300 422 sicut
1349 392 1390 422 et

218 439 386 473 vestium
408 437 570 473 odorem
591 439 884 485 interpositum.

268 490 414 526 XLIX.
446 490 789 540 Hyoscyaminum
804 490 1043 527 emolliendo
1059 491 1156 527 utile
1172 497 1246 535 est,
1262 495 1390 528 nervis

218 543 371 579 inutile.
429 549 567 592 potum
597 543 758 593 quidem
787 545 938 580 cerebri
965 550 1097 580 motus
1120 543 1227 581 facit.
1283 544 1390 581 ther·

218 599 368 632 minum
394 609 414 632 e
438 597 582 645 lupinis
607 597 773 639 emollit,
797 600 1022 646 proximum
1045 611 1206 634 rosaceo
1230 597 1388 635 effectu.

218 653 476 686 narrissinum
501 650 654 686 dictum
677 656 737 686 est
759 664 847 686 cum
870 664 940 686 suo
962 650 1069 687 flore.
1127 650 1389 700 raphaninum

219 703 366 752 phthisi
372 706 447 739 ¹isis
466 703 584 746 lonc-a
603 717 624 738 v
629 703 823 739 alitudine
842 709 1069 740 contractas
1089 704 1193 741 tollit
1212 705 1390 741 scabriti-

221 770 344 805 isque
372 760 473 792 cutis
502 760 539 792 in
573 756 672 793 facie
704 757 907 793 emendat.
963 760 1206 794 sesaminum
1237 761 1390 794 aurium

219 809 373 846 dolores
418 817 532 846 sanat
578 816 618 846 et
662 810 794 846 ulcera
843 823 946 859 quae
991 816 1157 860 serpunt
1201 817 1243 848 et
1287 824 1389 861 quae

219 863 410 899 cacoethe
441 870 597 899 vocant.
656 863 821 907 lilinum,
849 863 955 912 quod
981 869 1022 900 et
1052 863 1208 914 Syrium
1239 867 1390 901 vocavi-

219 930 319 959 mus,
336 917 495 953 renibus
513 917 763 953 utilissimum
782 922 842 953 est
858 917 1150 967 sudoribusque
1166 918 1390 961 evocandis,

220 970 359 1006 vulvae
387 970 627 1006 molliendae
652 970 1028 1020 concoquendisque
1058 973 1178 1007 intus.
1232 970 1390 1021 Selgiti-

219 1037 307 1059 cum
350 1026 479 1059 nervis
521 1024 619 1060 utile
662 1037 748 1060 esse
790 1023 976 1067 diximus,
1018 1027 1120 1060 sicut
1160 1023 1389 1061 herbacium

220 1090 394 1126 quoque,
410 1076 516 1126 quod
534 1077 689 1126 Iguvini
707 1080 808 1113 circa
827 1077 1061 1113 Flaminiam
1077 1080 1180 1114 viam
1195 1078 1388 1115 vendunt.

270 1130 314 1166 L.
346 1130 579 1173 Elaeomeli,
603 1130 708 1179 quod
730 1133 769 1166 in
791 1130 904 1180 Syria
927 1144 974 1167 ex
996 1133 1090 1180 ipsis
1111 1131 1207 1167 oleis
1229 1145 1391 1168 manare

218 1183 405 1227 diximus,
421 1197 562 1232 sapore
579 1184 737 1227 melleo,
754 1198 831 1220 non
849 1187 932 1221 sine
949 1197 1098 1221 nausea
1115 1185 1245 1221 alvum
1262 1185 1391 1229 solvit,

221 1237 338 1273 bilem
364 1240 579 1286 praecipue
604 1237 783 1274 detrahit
807 1237 963 1274 duobus
987 1237 1143 1288 cyathis
1167 1241 1207 1274 in
1231 1237 1393 1275 hemina

221 1304 349 1340 aquae
383 1291 513 1334 datis3
548 1294 613 1340 qui
645 1292 783 1328 bibere
815 1297 1050 1340 torpescunt
1082 1294 1391 1342 excitanturque

220 1345 371 1380 crebro.
454 1350 615 1394 potores
679 1347 871 1381 certaturi
936 1351 1199 1393 praesumunt
1232 1358 1281 1381 ex
1345 1359 1392 1383 eo

219 1397 410 1448 cyathum
448 1411 584 1434 unum.
649 1400 796 1447 pissino
832 1398 919 1435 oleo
957 1412 1049 1435 usus
1086 1398 1135 1435 ad
1172 1401 1312 1435 tussim
1350 1405 1391 1436 et

220 1451 514 1500 quadripedum
535 1452 709 1487 scabiem
732 1457 805 1488 est.

272 1504 338 1540 LI.
369 1506 404 1540 A
433 1505 580 1541 vitibus
608 1505 785 1554 oleisque
813 1507 995 1554 proxima
1023 1505 1209 1542 nobilitas
1236 1505 1389 1554 palmis.

219 1559 419 1594 inebriant
446 1564 644 1601 recentes,
672 1561 813 1607 capitis
841 1558 1018 1594 dolorem
1046 1557 1236 1595 adferunt
1262 1562 1391 1596 minus

334 1644 345 1662 ¹
372 1643 564 1674 volentibus
580 1643 669 1674 codd.
687 1644 755 1675 edd.
773 1656 779 1674 :
813 1644 1000 1674 volentium
1016 1643 1100 1675 coni.
1120 1643 1282 1684 Jlayhoff.

258 1741 273 1756 ‘³
296 1737 424 1768 Nervus
443 1737 520 1768 here
539 1737 794 1778 approximates
813 1737 847 1768 in
866 1737 1023 1778 meaning
1041 1741 1078 1768 to
1099 1737 1118 1749 “
1133 1736 1270 1769 nerve.’'

261 1779 273 1799 ⁶
296 1781 356 1812 See
376 1780 473 1812 XXI.
492 1780 506 1819 ξ
528 1782 596 1811 129.

265 1828 277 1843 θ
299 1824 359 1854 See
379 1824 509 1863 XX1.§
533 1824 600 1855 i27.

259 1866 273 1885 ἆ
296 1868 322 1897 Α
342 1868 408 1906 city
429 1868 460 1896 in
483 1866 614 1897 Pisidia.

259 1915 270 1928 ⁴
292 1910 351 1938 Sue·
373 1909 444 1941 XV.
463 1910 478 1949 ξ
495 1911 544 1940 31.

261 1951 271 1972 ¹
291 1954 351 1983 »See
372 1952 444 1983 XV.
462 1952 477 1992 ξ
495 1953 545 1983 32.

257 1999 270 2016 ⁹
293 1996 352 2026 See
389 1995 597 2026 Dioscorides
630 1995 658 2028 Ι.
690 1996 750 2027 31:
788 1994 954 2035 διεγείρειν
985 1994 1021 2026 δὲ
1051 1994 1167 2030 αὐτοὺς
1192 1995 1237 2035 μὴ
1269 1995 1390 2030 ἐῶντας

218 2038 464 2077 καταφέρεσθαι.

217 2099 287 2145 476
