1469 2299
138 567 196 598 132

423 140 618 177 PLINY:
663 140 926 177 NATURAL
959 139 1194 177 HISTORY

225 242 381 286 tudine,
430 242 501 279 flos
549 242 757 286 candidus,
805 255 944 278 semen
992 245 1166 291 nigrum,
1215 254 1394 290 parvum.

225 299 366 332 tritum
378 309 468 332 cum
480 296 618 332 Attico
634 296 752 332 melle
764 295 968 331 oculorum
981 294 1181 344 epiphoris
1196 295 1395 338 medetur,

225 362 253 385 11
300 349 496 386 drachmis
544 362 635 385 cum
673 348 830 399 cyathis
877 350 1001 385 Attici
1054 361 1129 384 1111.
1205 348 1396 397 decerpta

225 408 364 438 manat
403 403 507 439 lactc
546 403 674 439 multo
713 402 816 439 dulci
858 401 1014 445 herba,1
1048 414 1243 451 perquam
1277 400 1395 438 utili2

225 459 380 492 aurium
410 456 534 493 dolori
570 458 662 492 nitri
696 458 843 506 exiguo
874 455 1025 492 addito.
1081 454 1176 491 folia
1204 457 1397 491 resistunt

225 522 402 545 venenis.

280 562 423 599 LXVI.
454 561 575 598 Pruni
619 562 714 598 folia
756 564 796 598 in
839 564 930 598 vino
974 560 1172 598 decocta³
1215 561 1397 604 tonsillis,

226 619 411 666 gingivis,
431 629 533 652 uvae
563 615 760 665 prosunt4
794 615 964 652 subinde
996 614 1144 651 colluto
1177 627 1257 651 ore.
1312 617 1397 664 ipsa

225 683 353 719 pruna
375 669 508 706 alvum
529 669 728 713 molliunt,
750 668 957 706 stomacho
980 682 1059 705 non
1081 668 1305 712 utilissima,
1327 668 1398 705 sed

225 725 335 759 brevi
356 728 575 759 momento.

277 776 442 813 LXVII.
474 776 647 814 Utiliora
663 778 817 825 persica
833 788 1031 824 sucusque
1049 787 1200 818 eorum,
1219 777 1342 811 etiam
1357 777 1397 811 in

224 833 315 866 vino
337 835 408 867 aut
427 833 468 866 in
489 835 619 873 aceto,
636 842 859 879 expressus.
896 841 1029 878 neque
1044 828 1059 851 ⁵
1077 828 1176 865 alius
1198 831 1253 864 eis
1270 830 1396 878 pomis

224 886 475 920 innocentior
521 884 644 920 cibus.
700 895 898 932 nusquam
944 885 1075 918 minus
1121 881 1266 925 odoris,
1313 884 1395 918 suci

223 937 325 986 plus,
361 939 429 987 qui
464 942 603 973 tamen
639 939 746 973 sitim
782 935 997 973 stimulet.⁰
1052 934 1146 972 folia
1182 937 1265 971 eius
1301 937 1399 971 trita

224 991 339 1027 inlita
382 990 718 1040 haemorrhagian
761 992 922 1026 sistunt.
978 989 1108 1025 nuclei
1153 991 1396 1038 persicorum

224 1057 314 1080 cum
335 1044 423 1081 oleo
444 1049 486 1081 et
506 1050 621 1080 aceto
642 1046 784 1093 capitis
805 1043 1006 1080 doloribus
1026 1043 1260 1079 inlinuntur.

272 1135 284 1154 ¹
309 1144 335 1166 11
366 1135 536 1166 drachmis
566 1145 644 1166 cum
675 1134 809 1176 cyathis
834 1134 940 1165 Attici
967 1142 1033 1165 1111.
1094 1132 1255 1173 decerpta
1280 1137 1398 1164 manat.

227 1178 313 1209 lacte
351 1177 459 1209 multo
491 1177 581 1209 dulci
618 1177 722 1208 herba
757 1188 796 1209 ex
834 1177 944 1208 Diosc.
984 1175 1044 1209 IV.
1087 1177 1144 1207 141
1184 1175 1397 1216 (Wellmann)

226 1221 373 1252 conicio:
400 1231 477 1252 cum
499 1220 633 1261 cyathis
658 1245 665 1252 .
692 1245 699 1252 .
726 1245 733 1251 .
759 1220 919 1261 decerpto
935 1229 1030 1251 ramo
1046 1222 1165 1250 manat
1186 1218 1273 1250 lacte
1289 1219 1399 1250 multo

226 1263 327 1300 dulci,
345 1264 449 1295 herba
470 1263 651 1305 Dellefsen:
674 1264 744 1294 suci
766 1262 1149 1303 instillatio—decerpta
1170 1263 1259 1293 enim
1280 1265 1395 1293 manat

227 1307 314 1338 lacte
334 1307 443 1338 multo
455 1307 546 1338 dulci
564 1306 884 1346 herba—Mayhoff:
910 1310 948 1337 ut
961 1316 1038 1337 cum
1055 1306 1136 1337 ciati
1152 1309 1191 1336 ut
1208 1306 1248 1342 E,
1265 1315 1343 1336 cum
1359 1309 1397 1336 ut

228 1350 286 1381 lati
305 1350 414 1390 plnres
430 1351 531 1387 codd„
549 1349 770 1391 deceptarum
787 1349 827 1386 E,
844 1349 1081 1390 decreptarum
1101 1348 1141 1385 V,
1161 1348 1397 1389 decerptarum

226 1393 247 1423 d
264 1405 270 1424 :
296 1393 358 1423 alii
374 1393 442 1423 alia
458 1393 542 1425 coni.
560 1393 629 1424 edd.

270 1436 282 1454 ²
307 1435 384 1467 utili
400 1436 524 1468 conicio
539 1448 546 1466 ε
577 1435 670 1467 utilis
686 1435 775 1467 codd.
793 1439 821 1467 et
837 1435 906 1467 edd.

273 1479 285 1498 ³
309 1480 341 1509 in
368 1480 448 1510 vino
473 1479 614 1510 decocta
637 1489 692 1520 eqo
717 1478 926 1519 transposui3
959 1477 1030 1509 vide
1053 1480 1163 1508 motam
1187 1479 1226 1509 4:
1259 1476 1398 1508 decocta

227 1523 315 1553 codd.
329 1535 335 1540 ·
360 1522 502 1554 decocta
524 1546 531 1554 .
556 1546 562 1553 .
586 1545 595 1554 .
617 1522 651 1553 in
664 1522 743 1553 vino
756 1521 897 1553 decocta
909 1525 945 1553 et
957 1521 1192 1552 vehementius
1203 1530 1242 1552 ex
1254 1519 1399 1561 Garqilio

225 1565 389 1639 Μῖῃέᾘζὶ
406 1611 549 1649 prosunt
566 1608 654 1639 codd.
676 1608 708 1638 in
727 1609 807 1639 vino
823 1607 965 1638 decocta
984 1610 1068 1647 (-tae
1086 1606 1159 1646 VE)
1177 1609 1222 1638 et.

270 1650 282 1668 ⁵
305 1661 415 1691 neque
437 1651 578 1687 Urlichs,
596 1649 770 1692 Detlessen,
794 1650 950 1691 Mayhoff
962 1662 968 1681 :
1000 1651 1057 1690 qui
1082 1649 1260 1691 (interroq.)
1278 1647 1397 1690 Silliy:

228 1704 288 1725 nec
303 1698 356 1725 est
371 1693 455 1735 vulq.
473 1706 480 1725 ε
511 1703 576 1734 que
592 1694 680 1725 codd.

271 1737 284 1756 ⁶
308 1737 387 1768 Post
414 1736 567 1768 stimulet
594 1736 748 1768 lacunam
775 1736 898 1767 indicat
927 1735 1088 1775 Mayhoff,
1114 1735 1171 1775 qui
1199 1733 1399 1766 intercidisse

227 1779 388 1811 nonnulla
403 1781 440 1812 de
455 1790 584 1820 perseae
598 1780 723 1811 arboris
738 1785 858 1811 natura
872 1778 982 1811 aliena
998 1778 1086 1819 (inde
1101 1779 1186 1818 eius)
1201 1782 1303 1818 putat.

262 1882 276 1896 ⁰
299 1878 370 1909 The
391 1881 467 1908 text
489 1881 526 1909 at
547 1877 606 1908 the
627 1877 693 1908 end
716 1877 755 1908 of
771 1877 840 1908 this
862 1876 1003 1918 chapter
1024 1877 1051 1907 is
1074 1886 1156 1917 very
1179 1875 1397 1915 conjectural.

220 1920 372 1961 Mayhoff
388 1920 504 1951 solved
521 1931 625 1961 many
641 1920 680 1951 of
691 1920 750 1951 the
766 1920 969 1955 difficulties,
987 1919 1049 1950 but
1065 1923 1127 1950 not
1142 1918 1198 1950 all.
1244 1918 1315 1949 The
1330 1917 1398 1949 odd

220 1964 375 2005 readings
393 1964 432 1995 of
445 1964 504 1995 the
521 1964 615 1996 MSS.
635 1974 725 1995 seem
742 1967 780 1994 to
793 1963 834 1994 be
847 1964 1061 2003 corruptions
1073 1962 1140 1993 due
1157 1966 1194 1993 to
1212 1961 1397 1992 misunder-

220 2006 397 2048 standings
414 2006 453 2038 of
465 2016 492 2038 11
508 2006 576 2038 and
594 2015 661 2044 1111,
676 2006 785 2038 which
798 2016 884 2037 were
900 2007 934 2037 in
950 2005 1009 2037 the
1025 2004 1167 2047 original
1181 2007 1268 2042 text,
1282 2004 1311 2035 if
1320 2004 1398 2037 that

236 2079 303 2116 502
