1469 2299
99 217 140 245 44

102 712 142 739 45

370 108 535 145 PLINY
551 122 558 144 :
602 107 864 144 NATURAL
899 107 1135 144 HISTORY

217 211 326 247 XXI.
358 209 520 247 Porrum
555 212 747 247 sectivum
782 208 973 259 profluvia
1005 211 1206 259 sanguinis
1237 211 1342 246 sistit

169 273 329 308 naribus
359 275 529 308 contrito
559 284 605 307 eo
634 272 843 315 obturatis,
871 270 933 307 vel
962 271 1090 321 gallae
1118 273 1244 307 mixto
1273 276 1343 307 aut

168 339 345 377 mentae,
363 336 461 370 item
480 346 527 369 ex
547 334 688 369 abortu
705 332 894 382 profluvia
912 338 1007 381 poto
1024 346 1116 369 suco
1133 346 1223 369 cum
1239 332 1342 368 lacte

167 395 374 432 mulieris.1
428 397 523 431 tussi
547 397 668 431 etiam
686 397 810 431 veteri
832 400 871 431 et
894 396 1063 443 pectoris
1084 407 1128 430 ac
1149 394 1343 443 pulmonis

169 460 270 493 vitiis
288 457 484 493 medetur.
541 457 660 493 inlitis
678 456 778 492 foliis
795 462 986 492 sanantur
1003 458 1083 492 vari
1101 461 1142 492 et
1160 456 1344 492 ambusta

170 525 209 554 et
240 519 598 568 epinyctides—ita
627 523 789 555 vocatur
817 518 939 561 ulcus,
969 530 1071 566 quae
1101 523 1143 554 et
1170 530 1276 567 syce,
1304 519 1344 553 in

169 580 314 629 angulo
329 580 429 616 oculi
446 586 640 629 perpetuo
656 592 793 616 umore
808 593 972 616 manans
987 591 996 623 3
1025 579 1187 628 quidam
1203 579 1342 616 eodem

170 645 327 677 nomine
363 642 564 691 appellant
600 642 759 691 pusulas
792 641 960 678 liventes
995 654 1039 678 ac
1073 641 1254 677 noctibus
1288 643 1343 676 in-

170 707 493 752 quietantes-et
533 703 607 739 alisi
646 703 778 740 ulcera
816 716 906 739 cum
944 702 1061 739 melle
1105 703 1240 746 tritis‚²
1283 702 1343 738 vel

170 766 387 801 bestiarum
420 779 570 801 morsus
603 778 652 801 ex
685 771 813 808 aceto,
845 767 942 801 item
974 767 1221 814 serpentium
1253 764 1345 801 alio-

170 840 336 876 rumque
368 833 669 870 vcnenatorum‚
701 829 854 863 aurium
886 839 977 863 vero
1009 829 1104 863 vitia
1133 840 1223 863 cum
1254 825 1345 862 felle

170 891 329 937 caprino
356 889 415 925 vel
442 892 524 937 pari
551 902 736 925 mensura
760 888 889 931 mulsi,
914 888 1102 925 stridores
1128 901 1218 924 cum
1242 888 1346 924 lacte

170 950 358 994 mulieris,
379 953 519 999 capitis
541 950 707 995 dolores,
729 953 759 987 si
782 953 822 986 in
842 963 956 987 nares
979 949 1184 994 fundatur,
1205 949 1347 986 dormi-

170 1014 319 1048 turisve
343 1014 383 1048 in
404 1026 517 1048 aures
543 1012 696 1048 duobus
723 1014 804 1048 suci
828 1012 1084 1055 coclearibus,
1105 1025 1184 1048 uno
1207 1011 1345 1048 mellis.

110 1104 119 1107 -
171 1087 286 1110 sucus
307 1079 348 1110 et
368 1074 417 1110 ad
437 1077 684 1123 serpentium
703 1076 1035 1123 scorpionumque
1055 1076 1179 1110 ictum
1197 1074 1348 1110 bibitur

172 1149 261 1171 cum
281 1149 390 1172 mero
411 1142 451 1172 et
472 1136 522 1172 ad
542 1136 765 1172 lumborum
786 1136 962 1173 dolorem
982 1149 1072 1172 cum
1091 1138 1169 1172 vini
1188 1134 1349 1171 hemina

174 1203 302 1246 potus.
357 1201 592 1248 sanguinem
628 1211 719 1234 vero
755 1198 1034 1234 excreantibus
1069 1203 1111 1234 et
1144 1196 1349 1247 phthisicis

174 1265 215 1295 et
239 1259 571 1296 destillationibus
596 1259 722 1309 longis
746 1259 808 1296 vel
831 1273 947 1296 sucus
973 1259 1032 1296 vel
1057 1272 1105 1295 ex
1131 1261 1215 1309 ipso
1239 1259 1348 1296 cibus

173 1321 349 1370 prodest,
366 1324 464 1357 item
481 1322 618 1358 morbo
636 1324 745 1371 regio
763 1321 824 1358 vel
840 1321 1065 1371 hydropicis
1084 1326 1125 1357 et
1142 1321 1193 1357 ad
1209 1334 1350 1357 renum

173 1382 341 1425 dolores,
364 1396 454 1419 cum
477 1386 631 1420 tisanae
654 1397 747 1420 suco
770 1383 967 1420 acetabuli
991 1396 1188 1420 mensura.
1242 1383 1350 1419 idem

173 1444 313 1481 modus
354 1458 443 1481 curn
484 1445 600 1482 melle
641 1445 774 1482 vulvas
815 1451 972 1495 purgat.
1029 1450 1138 1482 estur
1176 1458 1269 1481 vero
1309 1450 1351 1481 et

173 1512 311 1542 contra
346 1506 558 1557 fungorum
594 1520 761 1551 venena,
796 1510 998 1557 inponitur
1033 1513 1075 1544 et
1109 1506 1350 1550 vulneribus,

173 1581 361 1605 venerem
389 1569 582 1613 stimulat,
611 1572 716 1606 sitim
746 1569 875 1613 sedat,
905 1570 1146 1606 ebrietatem
1174 1569 1350 1612 discutit,

174 1630 245 1666 sed
278 1631 479 1668 oculorum
518 1634 643 1668 aciem
680 1630 874 1668 hebetare
912 1631 1097 1675 traditur,
1127 1630 1350 1667 inflationes

175 1705 334 1742 quoque
366 1692 497 1729 facere
529 1706 632 1742 quae
666 1699 804 1730 tamen
835 1692 1039 1730 stomacho
1070 1706 1149 1730 non
1180 1698 1351 1729 noceant

175 1760 437 1804 ventremque
457 1755 649 1791 molliant.
704 1758 787 1792 voci
809 1755 1060 1805 splendorem
1081 1754 1225 1792 adfert.

325 1850 336 1868 ²
360 1850 438 1880 Non
455 1855 525 1889 post
542 1849 691 1881 mulieris
707 1850 761 1881 sed
777 1855 848 1890 post
863 1860 945 1881 suco
960 1849 1035 1881 dist.
1057 1850 1095 1880 V.
1113 1850 1206 1881 Rosa.

327 1892 339 1911 ²
363 1893 454 1923 tritis
478 1893 649 1933 ,llflyhnjffz
682 1894 766 1924 trito
785 1893 874 1924 codd.

396 1988 409 2002 ‘²
433 1983 647 2024 Apparently
667 1984 790 2015 caused
812 1984 857 2024 by
876 1984 957 2015 fleas
976 1994 1014 2015 or
1032 1983 1128 2025 bugs.

178 2028 222 2063 28
