1469 2299
145 595 185 625 23

147 779 188 809 24

152 1212 192 1243 25

413 116 606 153 PLINY:
652 116 912 154 NATURAL
945 115 1179 153 HISTORY

208 232 345 268 panos,
388 219 624 255 recedentes
668 219 718 254 ab
760 219 912 255 ossibus
955 231 1093 254 carnes
1136 223 1252 255 sanat
1294 231 1383 254 cum

209 283 382 330 axungia
412 280 513 317 salsa
544 286 586 316 et
615 285 764 324 cerato,
794 282 891 316 item
922 279 1128 316 fracturas.
1183 279 1382 328 crapulam

210 348 468 392 praesumpta
490 347 612 385 arcet,
636 341 767 378 alvum
789 343 905 378 sistit.
961 341 1080 391 aliqui
1103 354 1125 377 e
1147 343 1289 378 nostris
1312 341 1385 377 sub

210 404 378 440 solstitio
403 403 531 453 colligi
559 417 647 440 eam
672 405 834 446 iussere,
861 415 909 439 ex
936 416 1039 452 aqua
1064 403 1225 440 caelesti
1252 404 1384 451 inponi

211 467 393 503 omnibus
409 468 570 502 cervicis
586 465 723 502 vitiis.¹
776 465 978 501 oculorum
1000 477 1158 514 quoque
1180 464 1385 514 albugines

210 540 349 564 sanare
379 527 667 577 adalligatam2
697 526 961 563 tradiderunt.

262 589 310 626 X.
341 588 442 626 Sunt
465 591 531 638 qui
555 594 597 625 et
619 602 786 625 acanum
810 590 974 638 eryngio
997 588 1237 631 adscribant,
1259 590 1388 637 spino-

211 664 295 687 sam
312 651 554 700 brevemque
573 656 615 687 et
630 650 754 686 latam
770 649 935 686 herbam
951 652 1152 699 spinisque
1168 649 1386 687 latioribus.

211 711 313 748 hanc
342 715 555 761 inpositam
585 714 821 762 sanguinem
850 714 948 747 mire
977 713 1130 747 sistere.

264 774 336 811 XI.
367 774 444 810 Alii
475 787 653 824 eryngen
682 773 780 809 falso
810 773 979 809 eandem
1009 778 1202 822 putavere
1232 785 1318 809 esse
1348 778 1389 809 et

213 835 517 886 glycyrrhizam,
550 848 672 885 quare
705 835 888 885 subiungi
922 847 1010 871 eam
1043 837 1221 883 protinus
1252 833 1388 871 refert.

215 903 256 934 et
275 900 360 947 ipsa
380 900 463 934 sine
484 897 604 934 dubio
624 899 728 934 inter
748 896 948 933 aculeatas
970 902 1044 939 est,
1064 895 1164 932 foliis
1185 895 1390 940 echinatis,

215 960 428 1009 pinguibus
470 965 662 1008 tactuque
704 960 970 1001 cumminosis,
1012 957 1213 1001 fruticosa,
1254 958 1391 994 binum

214 1022 439 1058 cubitorum
476 1021 703 1061 altitudine,
740 1020 834 1057 flore
870 1019 1089 1070 hyacinthi,
1126 1019 1257 1056 fructu
1293 1019 1392 1069 pilu-

216 1083 342 1119 larum
398 1083 548 1132 platani
604 1082 902 1132 magnitudinis.
958 1083 1299 1131 praestantissima
1351 1084 1391 1117 in

217 1145 365 1188 Cilicia,
385 1145 560 1181 secunda
581 1143 723 1187 Ponto,
744 1144 875 1180 radice
895 1143 998 1180 dulci
1021 1149 1062 1179 et
1082 1142 1154 1179 hac
1173 1148 1333 1180 tantum
1353 1145 1391 1179 in

219 1220 303 1243 usu.
358 1209 514 1256 capitur
561 1219 608 1242 ea
656 1205 907 1255 vergiliarum
954 1218 1108 1247 occasu,
1155 1204 1273 1255 longa
1319 1218 1392 1241 ceu

216 1268 396 1318 lycium,3
417 1268 554 1304 coloris
579 1268 698 1304 buxei
723 1267 861 1303 melior
884 1280 1003 1317 quam
1020 1267 1034 1289 4
1059 1269 1184 1316 nigra,
1209 1279 1392 1316 quaeque

217 1329 325 1366 lenta
349 1343 470 1379 quam
494 1342 596 1380 quae
619 1328 780 1379 fragilis.
836 1342 928 1365 usus
951 1331 990 1364 in
1013 1328 1180 1365 subditis
1203 1328 1392 1365 decoctae

217 1391 267 1428 ad
290 1394 443 1435 tertias,
465 1397 600 1428 cetero
623 1391 674 1427 ad
695 1390 821 1427 mellis
843 1390 1159 1434 crassitudinem,
1181 1389 1393 1439 aliquando

218 1459 260 1489 et
297 1459 426 1497 tusae,
465 1467 543 1502 quo
581 1465 729 1503 genere
768 1458 810 1489 et
847 1452 1074 1489 vulneribus
1111 1453 1315 1500 inponitur
1352 1457 1395 1487 et

218 1514 391 1551 faucium
421 1517 524 1551 vitiis
557 1515 753 1557 omnibus,
786 1516 885 1550 item
919 1515 1003 1550 voci
1037 1510 1274 1550 utilissimo5
1302 1527 1395 1550 suco

267 1610 279 1629 ¹
303 1610 408 1641 vitiis.
455 1609 510 1640 Sic
525 1609 601 1640 dist.
619 1608 783 1649 Maylzoff.

265 1653 277 1672 ²
300 1653 589 1694 adalligatamque
606 1652 688 1685 VR:
718 1651 939 1693 adalligatam
956 1651 1060 1692 aliqui
1078 1652 1118 1683 M
1120 1651 1240 1692 aykoff.

268 1695 280 1714 ³
304 1707 365 1726 ceu
392 1696 521 1736 lycium
553 1695 707 1726 Urlichs:
748 1705 810 1726 ceu
839 1695 962 1725 vitium
990 1699 1048 1725 aut
1076 1704 1137 1724 ceu
1166 1694 1254 1724 vitui
1281 1693 1394 1725 codd.:

224 1749 345 1811 {iicosa
365 1749 425 1769 ceu
456 1738 583 1779 lycium
606 1737 770 1778 Mayhoff,
796 1748 835 1769 ex
860 1737 972 1768 Diosc.
997 1736 1204 1777 χυλιζόμεναι
1228 1735 1335 1775 ὥσπερ
1358 1735 1395 1767 τὸ

246 1794 346 1812 υΚΙ-Ον.

269 1825 281 1842 ⁴¹
306 1834 410 1864 quam
429 1824 624 1860 Gronovius,
644 1822 831 1863 Detlefsen:
866 1832 954 1863 quae
974 1821 1132 1862 Mayhoff
1142 1833 1149 1852 z
1184 1831 1249 1869 que
1268 1821 1358 1852 codd.

272 1865 284 1884 ⁵
308 1867 489 1898 utilissimo
508 1877 582 1897 cum
600 1866 690 1898 codd.
710 1865 897 1906 Dades-sen:
928 1865 1110 1896 utilissima
1128 1874 1213 1895 com.
1232 1863 1396 1904 Mayhoff.

500 1957 515 1972 ⁰
538 1952 604 1984 For
619 1952 860 1992 eye-djseases,
878 1962 932 1983 see
949 1961 1006 1991 pp.
1024 1951 1139 1982 viii—x.

504 1994 517 2015 ⁶
538 1996 613 2033 Le..
630 1997 665 2026 ll
684 1995 892 2026 November.

221 2062 292 2097 310
