1469 2299
85 331 142 361 163

82 777 143 807 164

82 1289 140 1320 165

82 1608 139 1639 166

376 93 569 130 PLINY:
615 93 875 131 NATURAL
908 93 1142 131 HISTORY

170 197 288 234 melle
322 203 363 234 et
401 210 476 233 uva
513 210 629 246 passa
667 202 709 233 et
746 202 874 240 aceto,
908 195 1089 246 lentigini
1123 198 1260 246 nigrae
1294 209 1342 233 ex

173 267 298 297 aceto.

222 325 368 361 LVIII.
399 325 469 361 Est
488 326 644 361 cumino
662 323 902 360 simillimum
921 323 1026 373 quod
1044 324 1185 360 Graeci
1202 330 1343 361 vocant

171 391 260 425 ami.
316 388 477 438 quidam
512 401 603 425 vero
637 387 919 437 Aethiopicum
952 390 1153 425 cuminum
1186 388 1225 424 id
1260 401 1344 424 esse

176 455 419 489 existimant.
475 452 738 502 Hippocrates
779 454 931 501 regium
972 452 1199 501 appellavit,
1239 452 1345 489 vide-

171 517 261 553 licet
302 519 394 566 quia
435 517 627 553 efficacius
669 517 872 566 Aegyptio
913 516 1112 552 iudicavit.
1166 516 1345 565 plerique

170 581 331 617 alterius
352 587 518 617 naturae
540 583 578 616 in
598 586 729 616 totum
750 585 908 629 putant,
929 582 1115 629 quoniam
1135 582 1186 616 sit
1207 580 1344 617 exilius

171 651 211 681 et
237 644 452 681 candidius.
509 644 642 680 similis
669 650 806 680 autem
833 649 872 680 et
899 643 987 680 huic
1013 657 1118 680 usus.
1174 657 1345 694 namque

170 714 211 744 et
249 709 417 757 panibus
456 708 735 745 Alexandrinis
773 708 965 745 subicitur
1004 714 1045 744 et
1083 708 1345 745 condimentis

170 774 446 821 interponitur.
502 771 725 809 inflationes
752 778 793 808 et
818 774 989 808 tormina
1013 771 1189 816 discutit,
1215 775 1345 809 urinas

171 842 211 872 et
251 842 456 873 menstrua
495 839 588 880 ciet,
629 836 855 886 suggillata,
895 835 1096 872 oculorum
1138 836 1345 885 epiphoras

169 902 342 950 mitigat,
373 913 462 937 cum
495 900 561 936 lini
593 903 743 936 semine
774 902 1023 949 scorpionmn
1055 903 1154 937 ictus
1187 903 1225 936 in
1257 903 1345 938 vino

167 970 306 1013 potum
353 963 546 1001 drachmis
594 964 746 1001 duabus
793 966 1057 1014 privatimque
1104 971 1345 1001 cerastarum

168 1042 257 1064 cum
284 1031 367 1078 pari
394 1031 577 1078 portione
604 1041 773 1079 myrrae.
828 1028 997 1065 colorem
1025 1042 1182 1078 quoque
1208 1030 1345 1066 biben-

170 1095 271 1128 tium
293 1092 473 1129 similiter
494 1098 625 1129 mutat
647 1095 686 1129 in
707 1092 909 1142 pallorem.
964 1093 1137 1129 suffitum
1159 1107 1248 1129 cum
1269 1106 1344 1130 uva

167 1169 283 1205 passa
319 1162 389 1193 aut
426 1159 554 1193 resina
591 1156 745 1193 vulvam
781 1163 938 1206 purgat.
993 1156 1158 1194 tradunt
1193 1156 1343 1193 facilius

168 1223 374 1269 concipere
397 1234 463 1257 eas
484 1234 587 1270 quae
609 1221 823 1257 odorentur
844 1221 883 1257 id
904 1234 975 1270 per
994 1224 1154 1258 coitum.

219 1284 324 1321 LIX.
356 1285 418 1321 De
451 1288 609 1334 cappari
645 1287 740 1322 satis
774 1285 944 1322 diximus
978 1287 1082 1321 inter
1114 1288 1342 1336 peregrinos

171 1347 343 1385 frutices.
398 1362 477 1385 non
527 1349 720 1386 utendum
770 1352 1046 1393 transmarino,
1096 1352 1343 1387 innocentius

168 1419 227 1449 est
247 1412 441 1449 Italicum.
491 1412 623 1450 ferunt
638 1426 703 1450 eos
718 1416 782 1463 qui
797 1413 942 1450 cotidie
955 1413 995 1450 id
1009 1413 1156 1450 eduntl
1174 1414 1342 1464 paralysi

167 1489 244 1512 non
294 1477 505 1526 periclitari
558 1491 630 1514 nec
683 1477 791 1514 lienis
838 1478 1047 1514 doloribus.
1103 1478 1213 1514 radix
1262 1481 1342 1516 eius

168 1540 379 1590 vitiligines
421 1541 529 1578 albas
570 1541 688 1586 tollit,
730 1545 759 1578 si
802 1544 896 1578 trita
938 1545 976 1578 in
1017 1542 1098 1579 sole
1140 1541 1340 1580 fricentur.

167 1605 348 1653 splenicis
371 1605 533 1654 prodest
557 1608 594 1642 in
618 1608 707 1642 vino
729 1612 846 1655 potus
869 1606 1008 1642 radicis
1030 1612 1166 1642 cortex
1189 1606 1342 1643 duabus

166 1668 376 1713 drachmis,
410 1669 574 1719 dempto
603 1669 849 1707 balinearum
883 1684 969 1714 usu,
1003 1669 1216 1720 feruntque
1245 1683 1342 1707 xxxv

167 1731 306 1769 diebus
337 1746 410 1782 per
439 1736 593 1770 urinam
625 1740 666 1771 et
698 1733 827 1770 alvum
859 1740 991 1771 totum
1022 1733 1167 1771 lienem
1198 1737 1339 1772 emitti.

307 1830 318 1848 1
342 1830 447 1861 edunt
464 1829 572 1861 codd:
598 1830 695 1861 edint-
712 1830 749 1861 C.
766 1830 806 1861 F.
831 1831 875 1861 W.
894 1830 1028 1867 Mulier,
1046 1829 1206 1871 Maylzosf.

213 1925 227 1940 ⁰
251 1921 393 1960 Ajowan
407 1936 438 1946 z
455 1921 580 1953 Carum
595 1922 770 1962 copticum.
955 1927 966 1940 ⁶
990 1922 1060 1953 The
1081 1923 1207 1954 horned
1232 1924 1337 1964 viper.

215 1964 227 1983 ὓ
251 1964 309 1995 See
326 1974 358 2004 p.
379 1965 449 2000 108,
468 1975 501 1996 n.
517 1975 548 1996 α.
955 1963 970 1983 ‘¹
996 1966 1058 1997 See
1074 1966 1177 1997 XIII.
1193 1967 1207 2005 §
1225 1967 1296 1997 127.

165 2025 210 2072 96
