1469 2299
411 91 604 131 PLINY:
650 92 910 130 NATURAL
942 92 1177 130 HISTORY

137 199 179 230 52
256 194 448 231 XXVIII.
480 194 588 231 Folio
621 196 896 231 coronantium
931 194 1080 231 milacis
1115 200 1157 231 et
1190 194 1379 239 hederae,

206 254 465 303 corymbique
488 266 625 290 earum
649 255 835 303 optinent
857 255 1138 302 principatum,
1162 253 1212 290 de
1235 254 1378 303 quibus

206 314 245 347 in
287 311 476 348 fruticum
517 311 602 348 loco
644 311 804 348 abunde
845 311 1029 348 diximus,
1085 317 1178 348 sunt
1220 318 1262 349 et
1303 312 1379 348 alia

205 383 355 420 genera
390 371 614 407 nominibus
650 371 812 407 Graecis
847 370 1072 414 indicanda,
1107 373 1200 420 quia
1234 373 1378 407 nostris

206 432 354 466 maiore
386 442 434 465 ex
465 435 580 478 parte
610 429 726 466 huius
755 429 1082 466 nomenclaturae
1113 428 1242 465 defuit
1271 443 1376 466 cura.

207 493 249 524 et
271 488 462 538 pleraque
485 501 622 525 eorum
643 490 683 524 in
707 490 854 524 exteris
877 490 992 524 terris
1015 493 1245 530 nascuntur,
1268 489 1379 524 nobis

206 553 343 584 tamen
368 547 651 591 consectanda,
676 548 863 597 quoniam
889 547 940 583 de
965 551 1108 583 natura
1133 559 1276 590 sermo,
1302 560 1379 583 non

207 606 257 642 de
286 605 402 642 Italia
429 611 502 642 est.

140 670 181 701 53
258 664 408 701 XXIX.
439 665 545 715 Ergo
575 666 615 700 in
645 669 930 701 coronamenta
960 663 1053 701 folio
1083 676 1229 700 venere
1259 664 1380 700 melo-

207 728 328 766 trum,
369 725 538 773 spiraea,
579 725 802 774 origanum,
843 735 1046 766 cneorum,
1087 723 1194 772 quod
1234 725 1379 759 casiam

209 781 393 832 Hyginus
418 787 534 819 vocat
559 787 601 819 et
625 781 734 831 quod
757 782 1038 831 cunilaginem‚
1063 794 1226 832 conyza,
1251 782 1380 818 melis-

207 840 432 892 sophyllum
450 841 557 891 quod
575 843 808 890 apiastrum,
825 840 1048 877 melilotum
1066 840 1172 890 quod
1190 840 1379 877 sertulam

208 899 453 949 Campanam
475 913 673 936 vocamus.
729 905 791 936 est
812 902 918 936 enim
938 902 977 935 in
1001 899 1141 935 Italiae
1163 899 1381 948 Campania

208 958 498 1002 laudatissima,
530 959 692 996 Graecis
722 961 763 995 in
794 957 929 1002 Sunio,
959 971 1051 994 mox
1084 957 1309 994 Chalcidica
1340 964 1381 994 et

208 1017 380 1062 Cretica,
400 1018 642 1067 ubicumque
662 1030 755 1054 vero
775 1019 924 1067 asperis
946 1022 988 1053 et
1007 1016 1252 1053 silvestribus
1272 1022 1379 1053 nata.

207 1090 369 1114 coronas
392 1089 441 1113 ex
463 1089 510 1113 ea
531 1079 753 1126 antiquitus
771 1075 976 1112 factitatas
993 1075 1138 1112 indicio
1157 1081 1218 1112 est
1234 1088 1380 1112 nomen

207 1135 382 1172 sertulae
409 1135 515 1186 quod
541 1137 762 1185 occupavit.
817 1134 914 1172 odor
940 1139 1002 1171 est
1027 1147 1139 1171 croco
1165 1136 1314 1170 vicinus
1341 1139 1383 1171 et

208 1194 278 1231 flos
307 1197 404 1244 ipse.
461 1194 665 1244 Campana
683 1195 697 1218 1
726 1193 859 1244 placet
887 1195 1076 1237 maxime,
1106 1192 1207 1229 foliis
1236 1193 1382 1230 brevis-

208 1255 315 1289 simis
340 1259 463 1303 atque
488 1255 768 1303 pinguissimis.

140 1318 181 1348 54
259 1312 386 1349 XXX.
418 1312 526 1348 Folio
580 1317 744 1349 coronat
799 1317 841 1348 et
894 1310 1099 1348 trifolium.
1169 1313 1246 1347 tria
1299 1313 1383 1348 eius

207 1383 379 1420 genera:
418 1370 675 1421 minyanthes
701 1376 846 1407 vocant
871 1370 1028 1414 Graeci,
1053 1369 1117 1406 alii
1144 1368 1382 1419 asphaltion‚

207 1432 357 1466 maiore
389 1429 495 1473 folio,
527 1443 606 1479 quo
637 1435 807 1466 utuntur
832 1433 1038 1472 coronarii,
1065 1429 1237 1465 alterum
1263 1433 1381 1465 acuto

208 1488 519 1539 oxytriphyllon.
575 1491 741 1525 tertium
770 1501 819 1524 ex
848 1488 1031 1525 omnibus
1059 1489 1381 1524 minutissimum.

208 1549 313 1583 inter
339 1547 436 1584 haec
462 1550 616 1584 nervosi
643 1547 824 1584 cauliculi
851 1546 1089 1597 quibusdam
1115 1551 1161 1583 ut
1185 1545 1383 1590 maratho,

141 1614 182 1642 55
209 1604 530 1655 hippomaratho,
560 1605 800 1657 myophono.
856 1611 1026 1642 utuntur
1062 1611 1105 1642 et
1137 1604 1272 1641 ferulis
1311 1605 1381 1642 et²

208 1666 405 1715 corymbis
434 1664 623 1709 hederae,
645 1670 687 1702 et
710 1664 806 1702 flore
829 1677 1030 1714 purpureo
1059 1666 1099 1700 in
1129 1663 1205 1700 alio
1233 1676 1382 1714 genere

256 1751 268 1769 ¹
292 1753 373 1792 ipse.
419 1751 595 1792 Campana
611 1751 776 1792 Detlefsen
791 1764 798 1782 :
828 1752 902 1792 ipsa
919 1761 1004 1782 cana
1020 1761 1094 1782 cum
1110 1751 1199 1782 codd.
1220 1749 1383 1791 Mayhoff.

257 1794 269 1812 ²
292 1798 327 1825 et
349 1798 424 1825 ante
444 1795 478 1825 in
502 1794 568 1825 alio
592 1794 702 1826 codd*
736 1804 790 1835 eqo
813 1794 1027 1834 transposui:
1057 1797 1093 1824 et
1111 1792 1254 1824 hederae
1271 1792 1378 1825 codd.:

214 1836 367 1874 hederae,
385 1841 419 1868 et
436 1837 598 1878 Illayhoff.

251 1933 266 1947 ⁴²
288 1929 348 1960 See
373 1929 467 1960 XVI.
485 1930 516 1968 ἓξ
534 1930 595 1960 144
609 1929 644 1960 ff.

254 1972 266 1990 ⁶
289 1972 384 2003 With
400 1972 458 2004 the
474 1972 572 2003 usual
588 1971 746 2012 reading:
773 1971 863 2002 “the
880 1970 1009 2002 melilot
1025 1969 1120 2002 itself
1133 1971 1161 2001 is
1177 1969 1315 2001 white.‘’

214 2026 279 2074 198
