1469 2299
392 107 584 143 PLINY:
629 106 890 144 NATURAL
923 107 1158 144 HISTORY

187 214 354 261 riginem
373 216 413 247 et
432 209 562 246 ulcera
579 212 720 259 capitis
737 222 826 245 cum
844 209 961 258 adipe
979 212 1171 246 anserino.
1228 210 1358 246 furun-

99 281 156 311 130
184 275 289 311 culos
340 276 548 323 concoquit
599 286 688 310 cum
740 272 949 309 fermento.
1004 273 1261 310 carbunculos
1311 274 1360 311 ad

185 341 510 388 suppurationem
557 337 737 387 perducit
785 343 825 373 et
872 340 1033 386 rumpit,
1080 336 1361 387 phagedaenas

186 403 358 439 ulcerum
413 408 609 452 expurgat
662 415 750 437 cum
804 401 933 437 melle.
989 402 1267 438 coxendicibus
1321 408 1361 439 et

190 467 326 503 lumbis
352 480 441 503 cum
467 465 627 515 polenta
655 479 700 502 ex
729 471 843 502 aceto
869 465 1058 508 inlinitur,
1084 468 1179 502 item
1207 465 1361 508 licheni‚

187 532 381 581 unguibus
415 531 575 573 scabris,
608 533 756 579 quippe
790 535 933 566 natura
966 532 1048 566 eius
1081 532 1253 566 caustica
1288 536 1360 567 est.

185 598 378 644 optimum
409 600 543 630 autem
575 593 850 644 Babylonium,
880 593 1045 630 silvestri
1077 594 1126 630 ad
1155 597 1285 630 onmia
1316 607 1363 631 ea

188 658 350 695 effectus
378 661 512 694 maior.

100 729 151 759 131
242 723 308 759 LI.
340 722 384 759 In
414 725 633 772 praecipuis
661 728 796 758 autem
828 721 1154 759 medicaminibus
1176 728 1264 758 ruta
1288 729 1361 759 est.

187 787 325 824 latiora
366 789 516 823 sativae
558 786 663 829 folia,
705 788 800 822 rami
843 785 1120 823 fruticosiores.
1175 786 1362 824 silvestris

183 851 339 887 horrida
368 851 416 887 ad
446 850 631 887 effectum
661 856 720 887 est
750 856 791 886 et
820 850 867 886 ad
898 853 1027 887 omnia
1057 853 1192 887 acrior.
1247 864 1362 888 sucus

188 918 422 964 exprimitur
442 921 584 951 tunsae
605 928 762 964 aspersa
784 914 937 951 modice
958 928 1074 963 aqua,
1096 920 1136 951 et
1157 917 1195 950 in
1216 915 1363 965 pyxide

185 979 328 1030 Cypria
386 979 630 1016 adservatur.
687 978 748 1015 hic
804 981 994 1028 copiosior
1049 979 1166 1015 datus
1223 982 1361 1016 veneni

187 1046 345 1080 noxiam
369 1044 539 1085 obtinet,
564 1046 601 1079 in
627 1042 863 1080 Macedonia
887 1045 1060 1079 maxime
1083 1045 1194 1079 iuxta
1216 1043 1363 1080 flumen

188 1108 474 1151 Aliacmonem‚
509 1110 745 1156 mirumque,
780 1110 934 1144 cicutae
967 1120 1059 1143 suco
1094 1109 1363 1157 extinguitur:

102 1177 157 1207 132
185 1172 285 1209 adeo
313 1175 432 1208 etiam
462 1185 703 1208 venenorum
731 1184 884 1208 venena
909 1177 1013 1208 sunt.
1068 1174 1223 1208 cicutae
1249 1185 1363 1209 sucus

186 1236 346 1285 prodest
401 1237 581 1272 manibus
635 1242 675 1272 et
729 1235 841 1272 faciei
895 1235 1166 1286 colligentium
1219 1242 1362 1273 rutam.

185 1307 319 1337 cetero
346 1303 450 1337 inter
476 1303 601 1349 prima
628 1302 815 1337 miscetur
841 1300 1045 1344 antidotis,
1070 1302 1363 1350 praecipueque

186 1364 379 1401 Galatica.
435 1377 712 1414 quaecumque
746 1370 880 1401 autem
918 1370 1005 1400 ruta
1041 1370 1081 1401 et
1115 1377 1186 1414 per
1218 1377 1260 1401 se
1294 1378 1364 1414 pro

185 1429 367 1465 antidoto
400 1429 504 1465 valet
539 1428 638 1465 foliis
672 1431 775 1465 tritis
809 1442 857 1465 ex
893 1431 980 1465 vino
1013 1431 1194 1478 sumptis,
1226 1434 1364 1466 contra

187 1496 385 1529 aconitum
420 1495 592 1529 maxime
625 1499 665 1529 et
700 1495 860 1535 viscum,
893 1495 990 1530 item
1023 1491 1179 1543 fungos,
1211 1495 1292 1530 sive
1324 1495 1363 1530 in

188 1563 280 1606 potu
317 1558 435 1594 detur
469 1560 550 1594 sive
586 1559 623 1593 in
659 1558 757 1594 cibo.
813 1557 925 1593 simili
963 1557 1080 1594 modo
1114 1563 1251 1594 contra
1285 1570 1361 1594 ser-

188 1624 365 1670 pentium
407 1624 519 1665 ictus,
560 1627 702 1671 utpote
741 1635 830 1658 cum
869 1621 1065 1658 mustelae
1103 1621 1363 1658 dimicaturae

101 1691 156 1720 133
185 1699 273 1722 cum
298 1685 356 1722 his
382 1692 512 1722 rutam
537 1688 642 1735 prius
668 1685 824 1722 edendo
848 1687 1029 1722 muniant
1053 1698 1108 1722 se.
1163 1685 1297 1722 valent
1321 1691 1362 1723 et

186 1756 322 1786 contra
348 1752 597 1799 scorpionum
624 1756 664 1786 et
685 1756 823 1786 contra
843 1763 1092 1793 araneorum,
1113 1752 1261 1799 apium,
1281 1763 1358 1786 cra-

188 1814 365 1858 bronum,
402 1827 609 1863 vesparum
642 1813 798 1850 aculeos
831 1819 872 1850 et
904 1813 1156 1850 cantharidas
1188 1827 1233 1850 ac
1264 1813 1360 1850 sala-

187 1878 369 1915 mandras
392 1880 549 1915 canisve
573 1878 714 1915 rabiosi
739 1891 902 1915 morsus.
957 1877 1155 1915 acetabuli
1178 1891 1363 1915 mensura

210 2029 232 2064 6
643 1988 658 2003 ⁶
681 1983 825 2021 Spanish
845 1982 901 2022 fly.

187 2040 205 2076 7
