1469 2299
108 483 169 514 134

107 853 167 885 135

107 1285 166 1316 136

410 129 603 168 PLINY:
648 131 908 169 NATURAL
941 131 1175 170 HISTORY

195 237 283 269 tum
311 232 438 269 tribus
468 232 602 283 digitis
631 235 798 282 capitur.
848 236 1017 270 miscent
1049 234 1101 270 ibi
1138 239 1180 270 et
1214 233 1374 271 ellebori

196 293 274 330 albi
305 307 427 330 unum
458 299 500 331 et
528 294 736 331 dimidium
769 295 943 339 obolum,
973 298 1252 345 purgationem
1287 309 1374 332 eam

196 354 434 392 adhibentes
448 358 622 392 maxime
636 358 812 393 insaniae
827 355 1150 400 melancholicae,
1169 357 1373 393 comitiali—

195 417 283 460 bus,
296 417 495 467 podagris.
552 423 593 454 et
609 431 680 467 per
695 431 737 454 se
753 417 966 454 drachmae
984 418 1160 467 pondere
1180 421 1370 455 exinanit.

246 478 365 515 LXV.
396 478 602 516 Hordeum
641 481 836 528 optimum
886 479 990 528 quod
1038 480 1372 517 candidissimum.

193 553 309 576 sucus
334 541 487 577 decocti
514 543 553 577 in
579 554 683 590 aqua
707 541 869 577 caelesti
896 541 1090 590 digeritur
1116 544 1155 576 in
1181 541 1371 590 pastillos,

194 608 239 638 ut
287 601 548 639 infundantur
596 602 833 639 exulceratis
882 605 1096 639 interaneis
1147 608 1188 639 et
1236 603 1370 639 vulvis.

194 666 289 699 cinis
319 666 401 700 eius
429 665 622 700 ambustis
649 663 828 700 inlinitur
856 669 897 700 et
924 665 1106 700 carnibus
1135 677 1238 713 quae
1267 677 1366 700 rece>

194 725 295 761 dunt
337 726 387 762 ab
429 726 581 762 ossibus
623 731 665 762 et
707 726 981 775 eruptionibus
1026 728 1209 775 pituitae,
1252 729 1372 763 muris

196 789 330 823 aranei
356 788 562 824 morsibus.
616 787 724 824 idem
750 787 938 836 adsperso
963 787 1044 823 sale
1071 801 1115 823 ac
1141 787 1259 824 melle
1286 801 1374 824 can—

193 848 331 885 dorem
351 848 554 893 dentibus,
574 852 816 886 suavitatem
837 852 913 885 oris
933 848 1040 885 facit.
1097 862 1163 885 eos
1184 851 1250 899 qui
1271 862 1373 899 pane

193 909 405 947 hordeacio
437 916 607 948 utuntur
638 911 775 947 morbo
806 911 956 960 pedum
987 913 1177 960 temptari
1209 917 1372 961 negant.

194 985 337 1008 novem
365 974 498 1022 granis
528 971 783 1009 furunculum
811 975 840 1008 si
872 974 958 1021 quis
987 972 1270 1016 circumducat,
1299 975 1372 1008 sin-

195 1033 296 1083 gulis
323 1039 387 1070 ter
412 1047 533 1070 manu
559 1037 732 1078 sinistra,
760 1040 802 1070 et
827 1037 959 1070 omnia
986 1036 1025 1070 in
1053 1037 1187 1083 ignem
1214 1035 1373 1077 abiciat,

195 1094 406 1132 confestim
448 1098 577 1132 sanari
620 1098 743 1132 aiunt.
800 1101 861 1132 est
904 1101 946 1132 et
987 1095 1112 1132 herba
1155 1094 1375 1145 phoenicea

196 1157 398 1206 appellata
414 1171 437 1193 a
453 1158 629 1201 Graecis,
646 1171 668 1193 a
683 1160 826 1194 nostris
843 1170 935 1194 vero
951 1156 1145 1194 hordeum
1162 1160 1372 1194 murinum.

193 1217 291 1255 haec
314 1222 410 1255 trita
434 1232 455 1255 e
480 1222 568 1256 vino
591 1225 688 1269 pota
710 1219 913 1269 praeclare
937 1221 1015 1255 ciet
1040 1232 1208 1255 menses.

245 1280 386 1317 LXVI.
417 1281 584 1317 Tisanae
623 1294 727 1331 quae
765 1294 814 1317 ex
851 1280 1000 1317 hordeo
1039 1281 1083 1317 fit
1120 1280 1257 1317 laudes
1295 1293 1374 1317 uno

194 1342 393 1378 volumine
416 1343 594 1379 condidit
619 1343 899 1392 Hippocrates,
923 1355 1026 1391 quae
1051 1355 1153 1379 nunc
1176 1355 1312 1379 omnes
1335 1344 1375 1378 in

196 1403 335 1440 alicam
366 1410 589 1441 transeunt.
645 1410 796 1454 quanto
826 1406 1074 1441 innocentior
1105 1404 1222 1441 alica!
1278 1404 1375 1453 Hip-

196 1472 377 1514 pocrates
403 1471 540 1502 tamen
566 1467 790 1503 sorbitionis
815 1469 945 1516 gratia
970 1466 1161 1510 laudavit,
1188 1468 1375 1515 quoniam

196 1527 345 1563 lubrica
374 1540 423 1563 ex
453 1527 556 1564 sacili
585 1527 824 1571 hauriretur,
855 1530 1042 1577 quoniam
1071 1529 1178 1564 sitim
1207 1532 1374 1571 arceret,

194 1591 382 1638 quoniam
412 1592 451 1625 in
482 1589 568 1626 alvo
600 1603 678 1626 non
707 1591 1008 1633 intumesceret,
1040 1591 1228 1639 quoniam
1258 1588 1374 1626 facile

193 1650 431 1687 redderetur
452 1656 493 1688 et
514 1651 690 1688 adsuetis
711 1650 773 1687 hic
794 1651 903 1688 cibus
924 1651 1028 1688 solus
1048 1653 1088 1687 in
1109 1650 1209 1687 febri
1229 1651 1289 1687 bis
1309 1650 1373 1687 die

195 1717 331 1760 posset
355 1712 452 1756 dari,
477 1718 636 1749 tantum
661 1718 838 1749 remotus
863 1713 913 1749 ab
937 1715 1021 1749 istis
1046 1715 1113 1762 qui
1136 1712 1374 1749 medicinam

193 1772 299 1810 fame
353 1780 554 1811 exercent.
610 1775 868 1811 sorbitionem
920 1780 1057 1811 tamen
1108 1774 1192 1811 dari
1245 1779 1374 1811 totam

193 1838 324 1872 vetuit
361 1836 518 1873 aliudve
555 1849 676 1886 quam
713 1849 851 1873 sucum
888 1838 1056 1880 tisanae,
1093 1838 1192 1872 item
1229 1838 1372 1880 vetuit,

352 1994 366 2009 '⁸
388 1990 545 2030 Reqimen
562 1990 599 2021 in
615 1990 718 2022 Aczcte
736 1990 900 2027 Diseases,
918 1989 1100 2032 especially
1117 1989 1169 2022 ch.
1187 1989 1233 2022 X.

196 2068 266 2103 390
