1469 2299
370 92 563 130 PLINY:
608 93 868 130 NATURAL
901 92 1135 129 HISTORY

162 202 301 225 mense
324 189 423 226 Iulio
443 192 550 239 scapi
570 196 798 227 arescentes
817 190 885 227 lilii
906 197 1028 241 atque
1048 192 1347 241 suspenduntur

164 256 203 289 in
228 253 350 290 fumo.
406 255 498 290 dein
522 254 766 291 nudantibus
791 268 833 291 se
857 255 1011 292 nodulis
1036 258 1075 291 in
1104 255 1215 292 faece
1246 259 1345 306 nigri

165 320 241 353 vini
263 318 323 353 vel
345 318 487 354 Graeci
509 331 646 355 mense
669 318 819 355 Martio
838 325 1092 356 macerantur
1112 326 1156 356 ut
1175 320 1345 356 colorem

163 385 384 431 percipiant
412 388 538 432 atque
566 385 622 419 ita
649 385 688 418 in
716 383 940 420 scrobiculis
967 390 1153 420 seruntur
1178 383 1345 420 heminis

167 446 287 482 faecis
303 446 559 483 circumfusis.
614 449 668 483 sic
683 447 783 484 fiunt
798 461 998 497 purpurea
1013 447 1106 492 lilia,
1120 451 1346 498 mirumque

161 514 287 561 tingui
317 512 465 562 aliquid
493 518 538 548 ut
566 518 751 549 nascatur
779 511 982 548 infectum.

215 576 322 612 XIV.
353 576 472 613 Violis
522 575 645 612 honos
695 579 910 626 proximus,
961 590 1177 626 earumque
1227 576 1338 626 plura

160 653 323 690 genera,
351 653 590 690 purpureae,
620 640 768 683 luteae,
798 640 925 684 albae,
954 640 1099 690 plantis
1129 654 1265 677 omnes
1294 647 1336 677 ut

160 704 243 741 olus
262 710 386 741 satae.
443 718 490 741 ex
510 704 568 740 his
588 717 680 741 vero
699 717 801 754 quae
820 710 962 754 sponte
981 708 1119 754 apricis
1140 712 1180 741 et.
1199 708 1337 741 macris

163 768 252 805 locis
286 772 523 818 proveniunt
558 782 783 818 purpureae
817 769 956 805 latiore
991 769 1083 805 folio
1118 772 1254 806 statim
1288 770 1338 806 ab

162 833 290 869 radice
320 847 482 870 carnoso
513 834 697 876 exeunt,l
727 833 912 882 solaeque
944 833 1097 870 Graeco
1129 836 1286 870 nomine
1315 847 1339 870 a

161 900 302 933 ceteris
325 898 615 940 discernuntur,
638 897 864 947 appellatae
886 900 923 933 ia
945 904 985 934 ct
1009 899 1058 934 ab
1080 897 1137 933 his
1160 897 1338 934 ianthina

163 964 292 998 vestis.
350 975 370 998 e
399 964 532 998 sativis
562 964 734 997 maxima
763 964 977 998 auctoritas
1007 962 1136 998 luteis.
1191 975 1339 1012 genera

162 1027 325 1062 autem‘2
355 1026 577 1063 Tusculana
603 1032 642 1062 et
673 1039 777 1075 quae
801 1029 952 1062 marina
981 1026 1219 1075 appellatur,
1245 1026 1336 1063 folio

161 1090 364 1139 aliquanto
386 1090 539 1133 latiore,
556 1090 625 1127 sed
647 1093 774 1126 minus
791 1090 987 1126 odorato.³
1040 1093 1078 1126 in
1095 1097 1225 1127 totum
1247 1104 1339 1127 vero

161 1157 244 1190 sine
259 1155 379 1191 odore
394 1158 628 1203 minutoque
644 1154 736 1190 folio
751 1154 971 1198 Calatiana,
986 1169 1128 1191 munus
1144 1158 1338 1199 autumni,

159 1225 318 1255 ceterae
343 1221 453 1255 veris.

211 1283 294 1319 XV.
326 1282 509 1319 Proxima
532 1286 566 1319 ei
586 1282 716 1319 caltha
740 1289 800 1319 est
821 1283 949 1319 colore
972 1290 1012 1319 et
1026 1283 1041 1306 4
1061 1283 1338 1332 amplitudine,

161 1349 280 1383 vincit
311 1360 475 1384 numero
502 1347 683 1384 foliorum
708 1350 899 1383 marinam
931 1347 1135 1397 quinque⁵
1164 1361 1242 1384 non
1272 1361 1338 1384 ex-

161 1411 384 1448 cedentem.
443 1412 583 1448 eadem
607 1411 726 1448 odore
750 1419 973 1461 superatur,
998 1418 1058 1449 est
1083 1415 1187 1448 enim
1209 1415 1338 1462 gravis

210 1498 220 1516 ¹
245 1508 386 1528 carnoso
402 1502 529 1528 exeunt
546 1498 574 1528 V
591 1497 773 1538 Detlessen:
798 1499 936 1528 exeunti
960 1498 1020 1537 (sic
1036 1503 1063 1529 et
1090 1498 1178 1538 RE),
1196 1509 1338 1529 carnoso

166 1551 204 1571 ex
222 1541 442 1580 Theophrasto
465 1541 549 1571 coni.
569 1540 731 1580 Muyhoff.

210 1583 222 1602 ²
245 1588 362 1614 autem
375 1594 448 1614 cum
464 1584 574 1614 mallis
587 1584 676 1614 codd.
693 1583 867 1623 Mayleofs:
895 1584 921 1614 is
936 1584 962 1614 Ε
978 1583 1151 1623 Dellessen.

210 1626 222 1644 ³
245 1626 389 1657 odorato
412 1627 513 1662 codd„
538 1626 725 1666 Dellessen:
762 1626 906 1657 odorata
930 1626 1092 1666 Mayhoff.

210 1669 222 1687 ‘²
246 1669 355 1699 colore
372 1673 406 1699 et
423 1669 587 1710 Dellef>en
603 1681 609 1699 :
639 1673 674 1700 et
690 1668 859 1700 concolori
876 1673 962 1708 (cum
978 1669 1113 1709 lacuna)
1131 1669 1294 1710 Maykoff.

209 1711 221 1729 ⁵
245 1713 396 1752 quinque
417 1712 530 1743 codd.:
567 1712 671 1752 quina
694 1711 857 1752 Mayhoff.

205 1824 219 1838 ‘²
242 1819 519 1850 Commentators
531 1819 666 1850 remark
679 1819 758 1850 that
773 1819 871 1859 Pliny
886 1820 912 1850 is
928 1819 1005 1850 here
1023 1818 1144 1858 wholly
1161 1829 1284 1860 wrong.

207 1862 219 1881 ὸ
242 1862 313 1892 The
334 1862 503 1902 difficulty
525 1862 603 1892 here
624 1863 651 1892 is
672 1862 752 1892 that
772 1862 968 1902 vegetables
989 1862 1028 1892 of
1044 1862 1104 1892 the
1124 1866 1208 1903 type
1229 1863 1335 1903 desig-

162 1905 266 1935 nated
289 1905 332 1945 by
349 1905 421 1936 olus
440 1916 497 1935 are
517 1905 689 1945 generally
708 1915 823 1945 grown
839 1905 926 1935 from
941 1904 1031 1936 seed.
1078 1905 1214 1936 Certain
1231 1906 1336 1942 kales,

161 1949 330 1984 however,
348 1958 439 1989 grow
461 1948 534 1979 well
552 1947 639 1978 from
659 1949 823 1988 cuttings.

163 2010 230 2045 180
