1469 2299
438 152 631 188 PLINY:
678 151 938 188 NATURAL
974 152 1209 188 HISTORY

240 260 281 290 et
310 254 556 290 carbunculis
588 260 629 290 et
658 260 796 290 contra
825 267 985 290 omnem
1014 254 1289 290 collectionem
1316 268 1404 290 cum

241 310 342 349 vino,
363 311 406 343 iis
428 320 531 356 quae
554 307 761 356 purganda
782 310 861 343 sint
883 321 972 343 cum
1003 307 1134 343 melle.
1190 310 1406 344 miscentur

240 361 442 397 oculorum
478 361 780 396 medicamentis
818 366 859 396 et
895 360 1106 396 decoctum
1143 359 1325 397 foliorum
1362 366 1402 397 et

241 427 354 450 sucus
387 414 559 450 oleastri.
617 414 768 450 utiliter
801 420 843 450 et
875 415 1035 449 auribus
1068 413 1283 450 instillatur
1314 428 1404 450 cum

174 474 212 502 78
239 468 357 503 melle
382 467 442 503 vel
467 470 497 504 si
523 481 594 516 pus
620 467 767 503 effluat.
823 466 918 503 flore
942 467 1102 503 oleastri
1126 467 1406 517 condylomata

241 521 460 557 inlinuntur
479 526 520 556 et
540 520 803 570 epinyctides,
822 523 920 557 item
939 533 1029 556 cum
1049 520 1175 556 farina
1194 520 1401 557 hordeacia

242 580 382 610 venter
413 577 452 610 in
487 574 786 616 rheumatismo,
819 587 910 610 cum
942 573 1030 610 oleo
1063 576 1203 622 capitis
1236 573 1402 610 dolores.

241 633 374 663 cutem
410 630 449 663 in
485 630 617 675 capite
654 628 704 663 ab
740 627 891 663 ossibus
928 627 1186 663 recedentem
1222 627 1401 663 cauliculi

241 681 395 717 decocti
442 687 483 716 et
527 694 617 716 cum
663 680 781 716 melle
826 683 987 729 inpositi
1032 682 1298 729 conprimunt.
1358 693 1406 717 ex

241 735 412 770 oleastro
439 736 584 770 maturi
611 736 650 769 in
677 735 763 770 cibo
790 736 938 782 sumpti
965 736 1112 770 sistunt
1138 733 1284 777 alvum,
1311 736 1405 770 tosti

242 794 377 824 autem
413 793 454 823 et
488 800 577 823 cum
612 787 729 823 melle
764 790 847 823 triti
883 800 1020 823 nomas
1055 793 1290 837 repurgant,
1326 800 1406 823 car-

242 841 432 877 bunculos
453 846 656 889 rumpunt.

175 901 214 928 71)
296 894 484 930 XXXIX.
515 894 603 930 Olei
618 899 804 930 naturam
817 906 1037 942 causasque
1051 893 1211 930 abunde
1224 893 1409 930 diximus.

243 947 291 983 ad
328 947 565 984 medicinam
603 960 651 983 ex
689 947 763 983 olei
800 947 1015 996 generibus
1052 946 1151 983 haec
1187 950 1408 995 pertinent,

243 1001 495 1037 utilissimum
521 1014 606 1037 esse
633 1000 899 1049 omphacium,
926 1003 1105 1049 proxime
1131 1000 1269 1042 viride,
1297 1013 1408 1048 prae-

243 1061 355 1091 terea
369 1068 488 1104 quam
510 1057 683 1090 maxime
704 1056 967 1090 recens—nisi
982 1067 1072 1089 cum
1093 1056 1408 1090 vetustissimum

243 1111 512 1156 quaeritur—,
528 1114 664 1150 tenue,
681 1107 891 1143 odoratum
909 1107 1096 1156 quodque
1117 1121 1194 1143 non
1214 1107 1412 1150 mordeat,

244 1174 264 1197 c
278 1161 434 1198 diverso
451 1174 570 1210 quam
589 1163 628 1197 in
645 1161 740 1197 cibis
758 1160 930 1210 eligitur.
973 1159 1226 1209 omphacium
1245 1160 1412 1209 prodest

242 1217 423 1265 gingivis.
479 1217 510 1251 si
544 1217 799 1251 contineatur
832 1217 871 1250 in
904 1227 986 1255 ore,
1020 1214 1191 1250 colorem
1224 1214 1411 1250 dentium

243 1268 431 1311 custodit,
451 1268 617 1304 mobiles
637 1268 790 1304 stabilit
803 1279 812 1311 3
826 1267 839 1290 1
870 1267 1034 1304 sudores
1054 1267 1227 1304 cohibet,

176 1328 216 1357 80
297 1322 380 1358 XL.
412 1321 669 1358 Oenanthino
726 1321 833 1357 idem
890 1319 1055 1357 effectus
1112 1323 1178 1370 qui
1235 1333 1408 1357 rosaceo.

243 1378 349 1411 omni
374 1381 511 1411 autem
535 1375 623 1411 oleo
648 1374 824 1411 mollitur
847 1387 1002 1423 corpus,
1026 1376 1204 1424 vigorem
1229 1379 1272 1411 et
1293 1374 1414 1411 robur

244 1431 398 1477 accipit.
455 1428 660 1465 stomacho
693 1430 936 1464 contrarium
971 1427 1124 1476 auget²
1159 1433 1201 1464 et
1234 1427 1413 1464 ulcerum

294 1506 305 1524 1
331 1505 470 1536 mobiles
496 1506 638 1541 stabilit,
662 1516 739 1545 eqo:
770 1506 875 1546 magis
900 1515 1001 1544 quam
1026 1504 1168 1541 stabilit,
1193 1504 1242 1536 Io.
1268 1504 1413 1536 Muller:

249 1552 428 1588 motusque
452 1549 593 1579 stabilit.
614 1548 787 1588 Mayhoff:
819 1549 924 1588 magis
943 1558 1044 1587 quam
1061 1547 1153 1578 aliud
1170 1547 1253 1588 vulq.
1271 1559 1278 1578 :
1308 1548 1415 1589 magis

249 1602 350 1631 quam
371 1592 450 1622 alibi
468 1592 568 1627 codd„
584 1591 754 1633 Dellrssen.
802 1591 912 1622 Diosc.
938 1591 966 1622 Ι.
984 1592 1026 1622 30
1049 1590 1153 1622 οὔλων
1169 1590 1340 1622 σταλτικὸν
1362 1590 1416 1622 καὶ

249 1635 390 1665 ὀδόντων
408 1635 673 1674 διακρατυντικὸν
697 1633 914 1674 κρατούμενον
937 1632 972 1665 ἐν
995 1636 1042 1674 τῷ
1057 1632 1194 1674 στόματι
1210 1632 1357 1674 ἱδρώτων
1380 1647 1415 1665 τε

248 1677 427 1714 ἐφεκτικόν.

289 1721 301 1738 ²
325 1720 380 1750 An
396 1722 432 1750 et
446 1719 617 1750 delendum
627 1720 642 1749 ?

285 1818 299 1832 ‘²
323 1814 382 1845 See
398 1825 456 1854 pp.
474 1814 544 1849 viii,
562 1814 607 1849 ix,
626 1812 694 1844 and
709 1814 773 1844 264
788 1816 869 1844 note
884 1823 915 1843 a.

289 1857 301 1876 ὃ
324 1856 499 1887 Forcellini
519 1860 638 1896 quotes
653 1856 826 1896 examples
839 1855 877 1886 of
889 1865 989 1886 causa
1002 1855 1083 1885 with
1100 1854 1159 1886 the
1174 1865 1269 1886 sense
1281 1855 1320 1886 of
1331 1865 1414 1886 com-

244 1900 315 1931 mod
321 1911 384 1936 um,
396 1899 798 1935 11tilitas,emolamentum‚
807 1898 869 1930 but
880 1898 960 1929 does
970 1902 1031 1929 not
1042 1898 1127 1929 refer
1137 1902 1173 1929 to
1184 1898 1252 1928 this
1264 1908 1413 1939 passage.

284 1947 295 1961 ⁶
319 1942 378 1974 See
397 1942 471 1975 XV.
489 1942 522 1983 ἓξ
537 1944 557 1973 4
575 1942 609 1972 ff.

284 1983 299 2003 α
321 1986 380 2017 See
398 1985 413 2025 ξ
431 1987 447 2015 7
466 1985 504 2016 of
516 1985 584 2016 this
601 1985 700 2016 book.

284 2033 294 2046 ⁶
318 2028 397 2059 This
417 2029 444 2059 is
465 2038 546 2069 very
566 2028 653 2059 close
673 2031 710 2059 to
729 2027 788 2059 the
809 2037 949 2068 passage
969 2027 1003 2058 in
1024 2026 1235 2058 Dioscorides
1255 2026 1355 2067 given
1375 2027 1410 2057 in

239 2074 308 2118 466
