1469 2299
101 265 158 295 251

99 841 160 872 202

97 1290 158 1320 263

393 94 587 132 PLINY:
633 95 895 133 NATURAL
928 94 1163 132 HISTORY

189 202 325 232 autem
362 202 404 233 et
446 203 560 233 aceto
596 203 732 233 contra
772 197 933 233 sudores
976 197 1190 234 inmodicos
1228 197 1289 234 vel
1326 200 1364 234 in

187 259 363 296 febribus
395 261 560 310 proficit.
617 274 730 297 sucus
762 260 913 297 ferulae
943 260 1073 297 alvum
1105 261 1219 298 solvit
1250 260 1366 297 fabae

188 324 465 373 magnitudine
512 325 737 361 devoratus.
794 338 815 361 e
862 325 973 361 viridi
1022 325 1196 362 medulla
1243 325 1366 362 vulvis

190 388 295 424 utilis
325 394 385 425 est
407 389 477 425 etl
506 389 555 425 ad
576 391 707 425 omnia
729 402 775 425 ea
797 391 904 425 vitia.
960 389 1010 425 ad
1037 392 1271 439 sanguinem
1299 391 1366 425 sis-

188 452 355 489 tendum
380 452 519 489 decem
545 466 668 502 grana
693 455 852 489 seminis
879 454 1069 489 bibuntur
1094 456 1132 489 in
1159 456 1247 490 vino
1271 455 1365 490 trita

189 516 248 552 vel
293 530 381 553 cum
427 517 611 553 medulla.
667 523 759 553 sunt
804 520 869 567 qui
914 517 1177 554 comitialibus
1222 518 1366 553 morbis

187 581 363 617 dandum
402 587 547 630 putent
586 581 677 617 luna
715 594 776 617 1111
813 594 938 630 usque
966 594 1021 618 v11
1057 581 1230 631 lingulae
1258 594 1366 617 men-

188 658 289 680 sura.
357 651 497 681 natura
536 644 751 681 ferularum
789 648 961 681 murenis
1000 645 1255 681 infestissima
1292 651 1366 689 est,

189 715 320 745 tactae
340 709 535 758 siquidem
557 723 603 745 ea
623 712 854 746 moriuntur.
912 709 1051 745 Castor
1072 709 1210 745 radicis
1229 722 1365 745 sucum

188 779 226 808 et
257 773 458 809 oculorum
487 773 656 809 claritati
687 773 866 810 conferre
895 774 1064 810 multum
1095 777 1263 821 putavit.

239 837 381 873 XCIX.
412 837 464 873 Et
508 837 558 873 de
602 837 835 873 carduorum
881 843 970 874 satu
1017 840 1120 874 inter
1163 836 1364 874 hortensia

187 901 371 944 diximus,
419 908 663 950 quapropter
711 908 752 938 et
801 901 1037 937 medicinam
1086 914 1134 938 ex
1183 901 1240 937 his
1290 915 1365 938 non

187 964 425 1001 differamus.
482 965 719 1002 silvestrium
768 979 915 1015 genera
963 971 1055 1002 sunt
1103 965 1194 1008 duo,
1244 979 1364 1002 unum

188 1028 410 1065 fruticosius
435 1043 457 1065 a
481 1036 587 1066 terra
611 1032 762 1073 statim,
787 1029 955 1066 alterum
982 1029 1163 1066 unicaule
1187 1032 1363 1066 crassius.

187 1095 346 1142 utrique
373 1093 463 1130 folia
492 1107 631 1143 pauca,
658 1097 828 1143 spinosa,
856 1096 1057 1130 muricatis
1083 1095 1364 1136 cacuminibus,

187 1157 256 1193 sed
298 1157 400 1194 alter
440 1157 576 1194 florem
618 1172 860 1207 purpureum
904 1160 1029 1194 mittit
1071 1161 1175 1194 inter
1216 1158 1364 1194 medios

187 1221 342 1257 aculeos
387 1222 571 1258 celeriter
615 1228 894 1259 canescentem
941 1228 982 1258 et
1021 1222 1237 1258 abeuntem
1276 1235 1363 1258 curn

186 1298 304 1328 aura3
331 1282 536 1335 σκόλυμον
551 1286 693 1323 Graeci
710 1292 864 1323 vocant.
905 1285 966 1322 hie
987 1292 1204 1335 antequam
1226 1286 1365 1322 floreat

186 1355 373 1386 contusus
394 1357 515 1400 atque
537 1363 745 1400 expressus
766 1350 877 1387 inlito
897 1364 989 1387 suco
1009 1350 1203 1399 alopecias
1223 1350 1364 1399 replet.

187 1414 295 1449 radix
324 1417 606 1464 cuiuscumque
633 1428 681 1451 ex
709 1428 813 1464 aqua
838 1415 1004 1451 decocta
1029 1415 1233 1463 potoribus
1259 1417 1365 1451 sitim

187 1476 316 1514 facere
339 1485 531 1515 narratur.
587 1478 835 1515 stomachum
856 1479 1083 1515 corroborat
1110 1484 1151 1515 et
1178 1478 1313 1522 vulvis,
1334 1481 1363 1515 si

186 1542 395 1586 credimus,
425 1545 547 1579 etiam
577 1543 756 1579 conferre
786 1543 933 1592 aliquid
963 1543 1135 1579 traditur
1164 1549 1206 1579 ut
1238 1555 1365 1579 mares

185 1608 413 1656 gignantur.
469 1609 525 1644 ita
572 1613 682 1644 certe
731 1607 914 1643 Glaucias
958 1609 1112 1656 scripsit
1155 1609 1220 1656 qui
1264 1609 1365 1643 circa

185 1671 349 1707 carduos
374 1671 699 1720 diligentissimus
724 1671 892 1708 videtur.
948 1670 1141 1707 mastiche
1167 1684 1187 1707 e
1211 1671 1365 1707 carduis

185 1734 345 1770 odorem
372 1735 627 1772 commendat
652 1738 739 1772 oris.

515 1831 526 1849 ¹
551 1834 603 1860 est
619 1835 654 1860 et
670 1841 725 1870 eqo
741 1843 747 1861 :
777 1834 829 1860 est
846 1833 902 1860 aut
919 1834 954 1860 et
970 1830 1059 1861 codd.

601 1920 616 1934 ‘¹
639 1916 700 1946 See
722 1916 821 1946 XIX.
843 1917 856 1953 ξ
876 1917 946 1946 152.

606 1957 618 1976 ⁶
640 1958 771 1988 Golden
789 1958 918 1988 thistle.

185 2029 252 2066 154
