1469 2299
117 449 176 478 145

120 876 177 907 147

120 1304 179 1336 148

407 127 598 164 PLINY:
645 128 906 165 NATURAL
940 127 1173 165 HISTORY

201 229 387 279 palustris
411 229 493 266 lens
516 242 588 278 per
609 242 651 266 se
674 242 838 266 nascens
862 231 901 265 in
923 243 1027 279 aqua
1050 243 1129 265 non
1150 229 1378 278 profluenti,

202 282 521 332 refrigeratoriae
548 288 730 325 naturae,
758 288 922 332 propter
949 283 1054 332 quod
1081 283 1378 320 collectionibus

202 336 380 372 inlinitur
395 342 436 372 et
452 338 624 372 maxime
639 336 825 386 podagris
841 341 882 373 et
897 349 969 385 per
982 349 1024 372 se
1041 342 1082 373 et
1097 350 1187 373 cum
1202 336 1377 386 polenta.

203 390 376 440 glutinat
399 395 440 426 et
461 392 669 426 interanea
691 389 949 439 procidentia.

254 443 400 479 LXXI.
430 443 503 480 Est
528 443 715 480 silvestris
742 442 998 493 elelisphacos
1023 442 1131 480 dicta
1155 456 1178 479 a
1204 443 1379 486 Graecis,

204 496 303 547 [aliis
321 496 486 546 sphacos
503 496 640 548 dicta,]
656 499 783 533 sativa
799 497 907 533 lente
924 496 1046 533 levior
1062 501 1104 533 et
1119 495 1212 533 folio
1228 499 1379 533 minore

203 556 325 600 atque
353 553 512 586 sicciore
541 556 582 587 et
608 550 844 587 odoratiore.
901 556 962 586 est
989 556 1031 586 et
1057 549 1228 587 alterum
1253 563 1380 600 genus

206 606 289 641 eius
310 603 539 647 silvestrius,
557 603 678 640 odore
697 606 820 654 gravi.
875 603 973 640 haec
993 606 1126 640 mitior
1145 603 1238 640 folia
1257 603 1381 640 habet

205 660 361 694 cotonei
382 657 474 693 mali
493 657 637 707 effigie,
656 663 719 694 set
737 659 888 694 minora
908 663 949 694 et
968 657 1151 701 candjda,
1169 670 1273 707 quae
1291 670 1381 694 cum

204 713 322 747 ramis
349 710 605 747 decocuntur.
660 723 817 747 menses
844 713 923 747 ciet
950 716 992 747 et
1019 713 1164 754 urinas,
1193 716 1234 747 et
1260 713 1381 760 pasti-

205 777 328 800 nacae
347 767 523 801 marinae
542 767 643 801 ictus
661 769 789 801 sanat.
844 770 1045 814 torporem
1064 770 1200 801 autem
1219 764 1382 801 obducit

204 831 389 867 percusso
410 818 506 854 loco.
561 818 712 854 bibitur
731 831 822 854 cum
842 817 1040 854 absinthio
1062 823 1104 854 et
1124 818 1380 868 dysinteriae.

205 885 293 907 cum
319 874 408 908 vino
433 871 575 908 eadem
599 877 891 908 commorantes
915 884 1072 908 menses
1096 871 1234 915 trahit,
1259 872 1383 908 abun-

206 925 349 962 dantes
388 927 494 962 sistit
531 925 697 962 decocto
736 927 820 962 eius
859 930 966 974 poto.
1021 938 1093 974 per
1130 937 1173 962 se
1211 927 1383 974 inposita

205 977 328 1015 herba
378 978 585 1015 vulnerum
633 981 870 1029 sanguinem
918 977 1090 1015 cohibet.
1145 984 1292 1028 purgat
1341 984 1383 1015 et

204 1035 451 1081 serpentium
470 1045 622 1069 morsus
642 1037 696 1075 et,
715 1035 746 1068 si
764 1034 804 1068 in
822 1035 912 1069 vino
931 1032 1191 1081 decoquatur,
1208 1034 1383 1082 pruritus

208 1088 373 1122 testium
396 1086 524 1123 sedat.
579 1088 703 1123 nostri
727 1088 794 1135 qui
818 1099 922 1122 nunc
945 1091 1039 1122 sunt
1062 1085 1234 1122 herbarii
1257 1085 1384 1122 elelis-

207 1139 377 1188 phacum
423 1140 590 1183 Graece,
635 1139 798 1176 salviam
845 1139 988 1176 Latine
1034 1144 1177 1176 vocant
1219 1144 1383 1176 mentae

207 1193 389 1237 similem,
434 1207 588 1237 canam,
633 1193 852 1230 odoratam.
907 1198 1045 1242 partus
1091 1198 1291 1230 emortuos
1336 1206 1383 1229 ea

208 1247 391 1296 adposita
408 1246 639 1291 extrahunt,
655 1249 754 1284 item
770 1260 924 1284 vermes
941 1246 1118 1284 ulcerum
1134 1248 1382 1296 auriumque.

258 1300 425 1338 LXXII.
456 1301 568 1337 Cicer
598 1306 640 1337 et
668 1301 848 1338 silvestre
874 1306 948 1344 est,
973 1300 1075 1337 foliis
1098 1300 1239 1344 simile,
1262 1300 1384 1337 odore

203 1356 325 1403 gravi.
381 1356 412 1391 si
439 1354 586 1404 largius
613 1360 808 1398 sumatur,
836 1354 945 1391 alvus
972 1353 1137 1391 solvitur
1163 1359 1206 1390 et
1232 1353 1384 1390 inflatio

208 1407 456 1444 contrahitur
486 1414 527 1445 et
557 1410 740 1445 tormina.
795 1413 947 1445 tostum
976 1407 1170 1444 salubrius
1199 1406 1383 1444 habetur.

205 1461 397 1498 cicercula
430 1464 651 1498 etiamnum
683 1464 810 1511 magis
842 1464 883 1498 in
916 1461 1003 1498 alvo
1035 1461 1203 1511 proficit.
1257 1460 1385 1497 farina

205 1517 411 1565 utriusque
446 1515 578 1552 ulcera
611 1518 817 1552 manantia
850 1517 991 1565 capitis
1025 1520 1154 1558 sanat,
1189 1514 1384 1551 efficacius

254 1610 267 1624 ‘¹
292 1607 505 1638 Dioscorides
517 1607 583 1638 III.
596 1608 637 1638 33
649 1607 734 1638 RN.
746 1607 966 1647 (Wellmann)
977 1617 1074 1647 says:
1099 1605 1308 1646 ἐλελίοφακον
1324 1630 1332 1638 .
1349 1628 1359 1636 .
1376 1630 1384 1637 .

210 1649 240 1679 οἶ
256 1648 290 1680 δὲ
306 1649 441 1688 σφάκον.
488 1650 744 1690 Theophrastus
761 1649 809 1687 (H
813 1649 863 1680 .P.
882 1649 940 1680 VI.
957 1650 991 1680 ii.
1009 1650 1023 1687 ξ
1038 1652 1071 1687 5)
1087 1660 1166 1690 says
1180 1661 1186 1680 :
1211 1648 1334 1688 σφάκος
1351 1647 1386 1680 δὲ

211 1692 265 1724 καὶ
289 1692 499 1730 ἐλελίσφακος
524 1692 741 1746 διαφέρουσιν
751 1691 840 1723 &adv
863 1691 900 1724 τὸ
923 1691 983 1732 μὲν
1006 1692 1125 1732 ἥμερον
1149 1690 1186 1722 τὸ
1202 1691 1236 1723 δὲ
1261 1691 1384 1732 ἄγριον·

210 1734 371 1774 λειότερον
394 1735 456 1774 γὰρ
480 1735 516 1766 τὸ
539 1735 660 1774 φύλλον
683 1739 741 1766 τοῦ
763 1735 890 1774 σφάκου
913 1748 966 1766 και
991 1734 1124 1766 ἔλαττον
1149 1747 1204 1766 και
1222 1734 1384 1775 αὐχμηρό-

211 1791 315 1818 τερον,
333 1778 370 1809 τὸ
386 1777 420 1809 δὲ
437 1781 495 1809 τοῦ
511 1777 724 1817 ἐλελισφάκου
745 1778 952 1818 τραχύτερον.
1002 1778 1101 1818 Pliny
1116 1788 1224 1808 seems
1237 1781 1275 1809 to
1298 1777 1386 1808 have

211 1821 330 1851 consu
325 1821 373 1851 ed
386 1820 533 1859 οφιὶκος(
526 1825 631 1862 (sage)
627 1821 712 1851 and
725 1821 828 1859 φακός
841 1820 975 1856 (lentil).
1014 1821 1103 1851 Most
1116 1820 1232 1851 ofthis
1245 1820 1386 1861 chapter

210 1865 243 1894 in
257 1863 354 1894 Plinv
367 1865 393 1894 is
404 1864 578 1900 confused,
589 1874 625 1894 so
634 1864 713 1895 that
726 1865 773 1903 (in
783 1865 872 1905 spite
883 1862 1193 1904 ofTheophrastus)
1204 1863 1368 1903 Mayhoff’
1371 1873 1387 1894 s

210 1908 381 1937 retention
406 1906 444 1937 of
466 1907 525 1937 the
545 1907 638 1939 MSS.
666 1907 808 1947 reading
833 1906 949 1938 leviore
976 1906 1072 1943 (with
1095 1906 1154 1937 the
1177 1905 1301 1936 almost
1325 1906 1386 1936 im-

211 1949 357 1990 possible
373 1950 521 1990 position
539 1949 578 1980 of
593 1954 634 1988 et)
655 1950 682 1980 is
697 1953 760 1980 not
775 1953 812 1980 to
829 1949 870 1980 be
886 1949 1121 1980 commended.
1168 1948 1343 1979 Detlefsen
1358 1949 1387 1979 is

211 1992 379 2033 probably
394 1992 483 2032 right
506 1993 539 2023 in
558 1992 758 2033 bracketing
773 1991 853 2023 aliis
872 1993 1012 2033 sphacos
1030 1992 1127 2023 dicta.
1173 1992 1221 2023 At
1241 1991 1330 2023 least
1346 1991 1388 2023 ab

211 2038 304 2066 must
325 2034 365 2066 be
384 2035 496 2066 added
517 2035 632 2066 before
649 2035 740 2066 aliis.

210 2080 280 2126 398
