1469 2299
382 112 576 149 PLINY:
621 110 884 149 NATURAL
916 110 1152 148 HISTORY

91 222 152 252 207
231 215 415 252 LXXIX.
445 214 630 251 Alterum
661 227 682 250 e
712 213 954 250 silvestribus
985 226 1110 263 genus
1139 211 1353 249 heraclium

181 275 356 312 vocatur,
376 269 426 304 ab
455 267 538 304 aliis
570 267 753 317 aphron,l
782 266 896 309 foliis,
925 269 956 303 si
987 266 1121 315 procul
1151 268 1354 309 intuearis,

181 325 353 371 speciem
389 334 593 370 passerum
627 320 927 369 praebentibus,
961 319 1093 356 radice
1128 321 1168 355 in
1203 333 1355 355 summa

181 381 312 412 terrae
329 381 435 418 cute,
453 377 603 410 semine
620 386 797 423 spumeo.
853 386 901 409 ex
918 372 992 409 hoc
1009 373 1088 408 lina
1105 372 1355 421 splendorem

181 428 357 465 trahunt.
397 433 552 464 aestate
566 428 748 464 tunditur
763 429 803 463 in
815 426 895 476 pila
906 426 921 449 2
933 426 1196 462 comitialibus
1211 427 1356 462 morbis

182 481 379 518 acetabuli
409 494 593 517 mensura
622 483 662 516 in
692 483 781 516 vino
811 479 922 522 albo3
966 482 1221 515 vomitionem
1253 482 1357 515 enim

182 534 292 578 facit,
320 534 614 570 medicamento
649 533 755 583 quod
789 528 855 569 διὰ
889 529 1059 569 κωόυῶν
1089 538 1130 568 et
1165 535 1358 569 arteriace

96 593 157 624 208
183 594 346 624 xocatur
370 587 633 624 utilissimum.
689 587 733 623 fit
758 592 895 623 autem
918 585 1033 622 huius
1057 588 1264 635 papaveris
1289 592 1358 622 aut

183 644 464 690 cuiuscumque
521 640 708 676 silvestris
763 640 959 689 capitibus
1015 651 1086 675 cxx
1145 641 1185 675 in
1231 652 1359 688 aquae

183 694 365 730 caelestis
381 696 562 730 sextariis
578 688 704 730 tribus
720 693 840 729 biduo
855 695 1065 729 maceratis
1081 695 1122 728 in
1137 692 1359 741 eademque

184 747 380 790 discoctis,
419 746 564 783 deinde
611 746 787 783 siccato³
834 749 1060 795 iterumque
1106 759 1195 782 cum
1241 745 1359 782 melle

184 800 348 837 decocto
377 800 426 836 ad
455 800 636 836 dimidias
665 806 800 849 partes
819 812 965 848 vapore
990 801 1114 835 tenui.
1171 799 1359 835 addidere

184 860 325 903 postea
359 852 566 890 drachmas
606 866 720 889 senas
760 856 874 896 croci,
914 851 1213 902 hypocistffidis,
1247 855 1359 896 turis,

186 909 341 943 acaciae
359 913 398 943 et
418 909 523 956 passi
539 906 685 943 Cretici
705 909 937 950 sextarium,
952 905 1051 942 haec
1067 908 1360 948 ostentatione;

185 960 351 1009 simplex
378 960 540 1009 quidem
566 966 607 996 et
637 962 801 1009 antiqua
829 959 895 995 illa
924 959 1133 996 salubritas
1162 971 1360 1008 papavere

190 1020 229 1050 et
252 1013 369 1049 melle
393 1019 561 1049 constat.

99 1072 159 1102 209
239 1066 399 1102 LXXX.
428 1066 461 1102 Γ
465 1069 608 1102 ertium
644 1079 769 1116 genus
807 1072 867 1102 est
903 1065 1361 1116 tithymalon—mecona

186 1126 342 1156 v.ocant
380 1119 442 1155 alii
481 1119 802 1168 paralion—folio
839 1119 920 1163 lini,
958 1118 1053 1155 flore
1090 1119 1192 1162 albo,
1229 1121 1361 1168 capite

186 1158 470 1235 magnitudinis
492 1172 621 1209 fabae.
677 1173 873 1222 colligitur
894 1186 969 1209 uva
991 1172 1172 1215 florente,
1194 1174 1362 1208 siccatur

187 1229 225 1262 in
269 1227 420 1262 umbra.
475 1239 612 1262 semen
654 1233 794 1276 potum
836 1232 982 1276 purgat
1026 1225 1156 1261 alvum
1199 1225 1361 1262 dimidio

187 1279 397 1316 acetabulo
424 1281 463 1315 in
490 1279 628 1316 mulso.
683 1282 964 1329 cuiuscumque
992 1285 1128 1315 autem
1155 1281 1361 1328 papaveris

187 1339 307 1382 caput
333 1332 456 1368 viride
483 1333 545 1369 vel
571 1335 716 1369 siccum
742 1333 898 1369 inlitum
927 1331 1134 1382 epiphoras
1161 1332 1362 1369 oculorum

187 1386 297 1422 lenit.
352 1388 485 1435 opium
520 1399 569 1422 ex
602 1389 692 1423 vino
724 1386 923 1423 meraculo
955 1389 987 1422 si
1018 1387 1198 1435 protinus
1230 1385 1361 1430 detur,

235 1497 247 1515 1
269 1496 401 1536 aphron
417 1502 475 1528 aut
490 1497 597 1537 aphro
613 1497 703 1528 codd.
720 1509 727 1527 :
768 1497 938 1537 aphrodes
955 1495 1060 1528 Hard.
1077 1501 1106 1528 et
1124 1496 1287 1536 Mayhoff.

234 1539 246 1557 ²
271 1539 353 1579 pila]
400 1539 464 1570 Hic
488 1544 645 1579 punctum
670 1540 763 1580 ponit
789 1540 952 1580 Mayhoff‚
977 1540 1034 1580 qui
1057 1540 1156 1571 etiam
1180 1539 1362 1570 acetabulo

190 1582 328 1612 seminis
346 1582 442 1618 coni„
460 1587 487 1613 et
506 1584 588 1613 item
607 1588 682 1613 ante
700 1582 950 1613 medicamento
969 1583 1044 1613 add.

235 1625 247 1643 ³
271 1625 357 1656 Ante
375 1626 503 1655 siccato
521 1625 596 1656 add.
617 1635 698 1656 suco
719 1625 882 1666 ,llayhoff

228 1796 242 1811 ‘²
267 1791 365 1832 Pliny
402 1792 464 1822 has
501 1793 705 1833 apparently
743 1793 905 1824 confused
942 1793 1011 1824 this
1048 1793 1146 1834 plant
1182 1792 1265 1824 with
1301 1792 1360 1824 the

183 1835 356 1866 struthion
380 1834 418 1865 of
439 1835 537 1866 XIX.
563 1835 614 1866 ch.
642 1837 691 1866 18.

230 1878 242 1897 ¹²
265 1878 336 1908 The
369 1881 445 1908 text
479 1878 645 1918 certainly
679 1888 822 1918 appears
856 1878 1044 1909 dislocated
1078 1881 1115 1908 at
1148 1878 1217 1908 this
1250 1878 1358 1918 point.

182 1920 336 1960 Mayhoff
351 1920 467 1951 makes
482 1921 509 1951 it
524 1931 542 1951 a
559 1920 647 1951 little
660 1920 725 1952 less
739 1921 925 1961 disjointed
941 1921 986 1961 by
1000 1922 1140 1961 putting
1154 1920 1360 1952 vomitionem

183 1963 272 1995 enim
283 1962 367 2003 facit
384 1963 418 1993 in
436 1973 455 1993 a
473 1963 702 2004 parenthesi85
734 1963 797 1995 but
813 1963 864 1994 his
881 1964 1044 1995 acetabulo
1061 1964 1088 1994 is
1105 1963 1184 1995 odd.

191 2045 259 2071 120
