1469 2299
107 329 149 359 43

109 703 150 731 44

109 1077 151 1107 45

379 115 573 153 PLINY:
619 116 879 153 NATURAL
913 116 1148 153 HISTORY

173 219 376 265 inponitur
415 223 457 253 et
495 217 679 267 podagris
718 231 807 254 cum
846 220 1006 266 caprino
1044 219 1140 254 sebo
1178 231 1349 267 ceraque

175 271 332 319 Cypria.

228 324 314 360 XX.
346 322 568 360 Perdicium
607 326 688 360 sive
728 323 981 372 parthenium
1021 327 1102 360 sive
1143 327 1264 361 etiam
1303 327 1348 360 si-

175 376 313 413 deritis
334 377 409 413 alia
430 383 491 413 est
508 378 519 400 ¹
536 389 544 420 3
579 378 629 413 ab
650 380 791 414 nostris
812 377 933 413 herba
952 378 1159 414 urceolaris
1176 383 1350 420 vocatur,

174 431 224 466 ab
243 431 326 467 aliis
345 436 565 474 astercun13
597 430 689 467 folio
707 431 840 467 similis
859 433 998 474 ocimo,
1017 433 1162 481 nigrior
1179 437 1349 469 tantum.

176 497 340 520 nascens
361 487 399 520 in
420 484 564 533 tegulis
584 487 881 533 parietinisque.
938 484 1123 521 medetur
1141 498 1230 520 curn
1250 487 1352 521 mica

176 537 266 573 salis
290 540 385 573 trita
409 538 546 574 iisdem
572 539 754 574 omnibus
779 539 920 587 quibus
945 538 1121 581 lamium,
1145 543 1186 574 et
1210 538 1351 574 eodem

176 591 307 633 modo,
336 594 432 627 item
461 593 636 627 vomicae
665 591 833 628 calfacto
861 604 953 627 suco
981 597 1090 640 pota,
1118 591 1186 628 sed
1215 597 1352 628 contra

176 644 298 685 vulsa,
320 650 437 693 rupta
457 644 670 693 lapsusque
691 650 733 681 et
752 647 998 694 praecipitia,
1020 650 1063 681 ut
1082 644 1351 681 vehiculorum

178 700 414 741 eversiones,
456 698 675 748 singularis.
731 711 851 734 verna
892 711 1004 735 carus
1047 697 1185 734 Pericli
1227 697 1352 735 Athe-

177 754 373 787 niensium
391 754 570 800 principi,
588 765 677 788 cum
696 754 726 787 is
745 754 784 787 in
803 764 891 788 arce
910 751 1105 800 templum
1123 751 1353 788 aedificaret

176 807 445 854 repsissetque
472 818 591 853 super
615 805 869 841 altitudinem
896 804 1043 854 fastigii
1070 811 1111 841 et
1138 805 1229 841 inde
1254 807 1352 842 ceci-

177 858 314 901 disset,
343 857 417 895 hac
445 857 569 895 herba
598 859 742 895 dicitur
770 864 933 895 sanatus
962 864 1184 895 monstrata
1214 857 1351 895 Pericli

176 914 328 948 somnio
354 925 376 948 a
404 912 600 955 Minerva,
627 925 749 961 quare
775 911 1030 961 parthenium
1056 915 1186 948 vocari
1210 917 1353 961 coepta

176 970 237 1001 est
271 965 584 1015 adsignaturque
619 968 653 1001 ei
688 965 800 1002 deae.
857 965 918 1001 hic
953 971 1014 1002 est
1046 965 1210 1002 vernula
1242 968 1352 1002 cuius

176 1019 325 1068 effigies
353 1031 401 1055 ex
429 1032 521 1055 aere
548 1019 635 1055 fusa
662 1025 723 1055 cst
749 1019 889 1055 nobilis
917 1019 981 1055 ille
1008 1018 1328 1068 splanchnoptes.

228 1072 338 1108 XXI.
369 1071 703 1109 Chamaeleoneni
749 1073 869 1121 aliqui
914 1074 1020 1108 ixian
1065 1078 1219 1109 vocant.
1275 1072 1354 1109 duo

176 1138 325 1175 genera
352 1128 457 1162 eius:
497 1126 700 1163 candidior
726 1128 924 1175 asperiora
949 1125 1073 1162 habet
1098 1125 1204 1169 folia,
1230 1128 1354 1175 serpit

176 1181 215 1214 in
249 1184 356 1215 terra
390 1179 517 1216 echini
550 1179 668 1216 modo
701 1182 833 1228 spinas
868 1182 1037 1229 erigens,
1071 1179 1202 1216 radice
1235 1179 1353 1223 dulci,

176 1233 296 1269 odore
339 1235 483 1283 gravi.2
538 1233 775 1282 quibusdam
818 1235 858 1269 in
900 1233 992 1269 locis
1035 1235 1182 1269 viscum
1224 1235 1354 1283 gignit

177 1286 311 1323 album
337 1287 410 1323 sub
435 1286 504 1322 alis
531 1286 728 1330 foliorum,
753 1289 925 1322 maxime
951 1289 1053 1323 circa
1077 1289 1183 1323 canis
1208 1292 1354 1330 ortum,

177 1353 255 1388 quo
282 1340 401 1376 modo
429 1346 520 1376 tura
548 1343 653 1376 nasci
682 1340 882 1383 dicuntur,
910 1340 1015 1376 unde
1045 1345 1086 1377 et
1113 1342 1193 1376 ixia
1220 1340 1355 1389 appel-

177 1393 293 1430 latur.
348 1393 421 1430 hac
460 1393 653 1430 mastiche
693 1399 861 1430 utuntur
898 1393 1095 1430 mulieres.
1151 1406 1274 1443 quare
1313 1399 1355 1430 et

217 1478 316 1552 gdlta
335 1479 418 1510 coni.
436 1483 463 1511 et
482 1479 556 1511 (list.
573 1479 743 1520 Mayhoff:
778 1490 857 1510 nam
874 1490 935 1519 pro
954 1480 1058 1510 etiam
1081 1483 1138 1510 aut
1157 1480 1228 1510 sive
1251 1480 1354 1511 etiam

181 1532 216 1552 co
263 1547 269 1553 .

226 1566 238 1584 ²
260 1566 358 1606 gravi
375 1565 516 1606 plurimi
532 1565 622 1597 codd.
639 1577 646 1596 ε
677 1566 879 1606 gravissimo
898 1565 929 1596 R
947 1570 975 1596 el
992 1565 1078 1605 vzth.

224 1655 238 1669 ‘²
261 1651 477 1682 Dioscorides
513 1651 574 1682 has
611 1651 686 1690 (IV.
724 1653 802 1691 85):
842 1650 895 1682 καὶ
932 1650 1106 1690 ὠταλγίαις
1143 1651 1201 1682 οὖν
1237 1650 1355 1691 ῥοδίνῳ

177 1693 379 1734 ἐγχεάμενος.
423 1694 467 1726 So
483 1694 666 1734 Mayhoff's
682 1695 878 1734 conjecture
894 1694 920 1724 is
935 1693 1104 1734 probably
1120 1694 1221 1735 right.
1260 1694 1354 1725 With

177 1738 236 1767 the
252 1737 391 1778 reading
406 1737 529 1768 varices
543 1736 711 1768 translate
729 1738 748 1749 “
761 1737 813 1768 for
830 1737 981 1767 varicose
997 1736 1128 1767 veins.”

221 1778 232 1797 ‘³
257 1780 328 1810 The
360 1779 501 1821 reading
533 1779 572 1811 of
599 1779 754 1820 Mayhoff
785 1790 894 1810 seems
925 1779 1065 1819 slightly
1098 1778 1287 1820 preferable
1318 1782 1355 1810 to

177 1821 315 1859 others',
346 1822 409 1853 but
435 1824 545 1863 owing
577 1825 615 1853 to
644 1823 704 1853 the
737 1822 900 1854 confused
934 1822 1160 1863 descriptione
1193 1821 1232 1853 of
1259 1821 1356 1854 these

178 1865 293 1906 plants
316 1865 352 1896 in
377 1865 604 1901 Dioscorides,
629 1865 698 1896 and
722 1865 782 1897 the
807 1866 984 1896 uncertain
1009 1876 1068 1896 use
1093 1865 1131 1896 of
1153 1864 1214 1896 the
1237 1874 1355 1896 names

178 1909 211 1939 in
230 1908 340 1949 Pliny,
360 1908 420 1939 the
439 1911 516 1939 text
536 1909 563 1939 is
583 1907 756 1939 doubtful.

223 1955 235 1969 ⁶
258 1950 330 1987 I.e.‚
346 1950 406 1982 the
422 1949 629 1982 Parthenon.

223 1993 236 2011 ά
263 1994 412 2025 Because
431 1993 569 2025 Athena
587 1993 770 2033 (Minerva)
789 2003 858 2024 was
877 1992 1043 2028 παρθένος.

177 2065 248 2101 322
