1469 2299
82 603 140 635 116

84 860 141 890 117

86 1565 144 1595 118

377 110 570 148 PLINY:
615 110 874 148 NATURAL
908 109 1140 148 HISTORY

165 220 369 251 menstrua
391 227 436 250 ac
457 213 650 250 secundas
671 219 808 263 partus
832 219 886 257 et,
908 215 939 250 si
961 213 1172 250 foveantur
1193 216 1344 250 semine

165 279 344 321 decocto,
374 277 587 328 suggillata
615 277 746 313 reddit
776 277 906 313 colori.
962 290 1050 313 cum
1081 280 1140 314 ovi
1171 277 1260 313 albo
1289 280 1340 313 in-

169 342 283 379 litum
298 348 367 379 aut
383 355 431 378 ex
448 355 549 391 aqua
565 347 721 377 coctum
736 347 957 390 potumque
972 341 1131 377 renibus
1146 341 1344 385 medetur,

168 409 205 442 in
226 405 368 456 frigida
388 408 528 442 tritum
549 408 623 442 oris
644 405 851 442 ulceribus.
907 418 1043 441 semen
1064 418 1152 441 cum
1174 408 1263 442 vino
1283 406 1344 442 vel

167 470 277 507 radix
299 483 388 506 cum
409 472 534 506 veteri
558 472 645 505 vino
667 472 820 506 vesicae
841 469 1008 505 calculos
1030 468 1231 519 frangunt.
1287 483 1343 506 se-

166 547 259 571 men
280 534 398 571 datur
421 540 461 570 et
483 536 659 583 arquatis
682 546 730 570 ex
753 536 842 569 vino
865 533 965 569 albo.

219 598 339 634 XLV.
370 599 601 647 Apiastrum
622 597 804 648 Hyginus
826 597 986 646 quidem
1008 596 1345 647 melissophyllum

170 662 360 712 appellat,
383 662 454 699 sed
476 664 515 698 in
538 661 717 698 confessa
740 661 997 698 damnatione
1021 667 1081 698 est
1104 668 1345 698 venenatum

171 729 210 762 in
229 725 420 763 Sardinia.
476 725 727 762 contexenda
749 728 853 762 enim
873 731 964 762 sunt
985 728 1115 762 omnia
1137 738 1183 761 ex
1206 726 1344 762 eodem

170 793 329 827 nomine
356 790 461 839 apud
490 790 661 826 Graecos
689 789 918 839 pendentia.

220 854 363 891 XLVI.
394 854 640 897 Olusatnrm,
693 853 797 903 quod
849 853 1140 903 hipposelinum
1193 861 1347 897 vocant,

169 919 401 955 adversatur
422 919 701 967 scorpionibus.
755 924 851 967 poto
871 920 1022 954 semine
1047 918 1280 954 torminibus
1306 925 1346 956 et

172 985 383 1019 interaneis
402 982 600 1026 medetur,
618 982 724 1018 idem
742 981 1038 1018 difficultatibus
1057 985 1194 1018 urinae
1211 995 1348 1018 semen

171 1049 253 1083 eius
279 1047 488 1083 decoctum
515 1059 563 1082 ex
589 1046 716 1082 mulso
740 1052 892 1095 potum.
949 1046 1057 1082 radix
1087 1049 1169 1082 eius
1195 1049 1234 1082 in
1259 1048 1348 1083 vino

170 1111 335 1147 decocta
351 1110 520 1147 calculos
536 1110 649 1160 pellit
668 1116 709 1147 et
727 1110 950 1147 lumborum
968 1123 1012 1146 ac
1030 1110 1163 1147 lateris
1180 1110 1346 1148 dolores.

169 1177 275 1212 canis
309 1175 451 1211 rabiosi
485 1175 678 1211 morsibus
712 1181 851 1223 potum
886 1180 927 1211 et
960 1174 1116 1211 inlitum
1149 1174 1346 1212 medetur.

173 1253 286 1276 sucus
312 1242 393 1275 eius
417 1239 598 1288 algentes
622 1238 805 1275 ealefacit
828 1244 957 1288 potus.
1013 1244 1200 1288 quartum
1222 1252 1348 1289 genus

172 1316 219 1339 ex
243 1303 382 1340 eodem
405 1303 523 1352 aliqui
546 1302 695 1339 faciunt
717 1302 993 1346 oreoselinum‚
1013 1303 1190 1352 palmum
1204 1303 1218 1326 1
1241 1302 1349 1340 alto²

173 1366 314 1404 frutice
342 1374 464 1411 recto,
491 1369 642 1404 semine
668 1369 825 1404 cumino
852 1367 981 1411 simili,
1008 1370 1145 1403 urinae
1173 1373 1214 1404 et
1240 1380 1346 1404 men-

170 1434 287 1468 struis
307 1432 455 1468 efficax.
510 1430 752 1468 heleoselino
770 1434 825 1468 w's
844 1434 998 1481 privata
1015 1438 1153 1468 contra
1170 1444 1349 1476 araneos,

173 1496 244 1532 eo3
269 1502 309 1532 et
331 1495 549 1532 oreoselino
572 1495 744 1532 feminae
765 1502 988 1545 purgantur
1011 1508 1032 1532 e
1053 1498 1154 1532 vino.

222 1559 387 1596 XLVII.
418 1559 506 1596 Alio
534 1572 682 1609 genere
710 1559 995 1609 petroselinum
1025 1559 1187 1609 quidam
1215 1560 1349 1610 appel—

175 1624 256 1660 lant
275 1626 313 1660 in
331 1626 434 1660 saxis
452 1630 605 1667 natum,
622 1626 879 1673 praecipuum
898 1624 948 1661 ad
966 1626 1149 1667 vomicas,
1167 1624 1347 1661 cocleari-

173 1688 245 1724 bus
266 1689 366 1724 binis
389 1690 468 1724 suci
490 1687 635 1724 additis
651 1690 690 1724 in
706 1687 895 1738 cyathum
917 1688 1102 1725 marrubii
1124 1690 1204 1725 suci
1227 1694 1349 1738 atque

172 1754 228 1789 ita
256 1751 407 1788 calidae
436 1764 564 1801 aquae
592 1752 718 1788 tribus
747 1751 912 1802 cyathis.
969 1752 1158 1789 addidere
1186 1752 1348 1802 quidam

292 1870 302 1888 ¹
327 1871 480 1911 palmum
499 1876 588 1901 vetus
607 1871 789 1901 coniectura
806 1883 813 1902 z
845 1882 908 1903 om.
928 1872 1017 1903 codd.

291 1913 303 1932 ²
326 1913 396 1944 alto
414 1913 578 1954 Detlefsen
593 1926 600 1944 ε
631 1913 697 1944 alio
714 1914 804 1945 codd.

293 1955 305 1974 ²³
327 1966 366 1987 eo
383 1960 418 1987 et
436 1956 592 1997 Mayhoff
603 1968 609 1986 z
634 1956 687 1992 de,
703 1956 762 1987 sed
778 1960 813 1987 et
828 1956 918 1988 codd.
935 1968 942 1987 ε
969 1956 1029 1987 sed
1048 1961 1082 1988 et
1099 1957 1272 1998 Detlefsen.

174 2034 220 2070 68
