1469 2299
77 391 139 423 230

79 886 138 917 231

81 1505 142 1536 232

372 98 567 136 PLINY:
612 99 872 137 NATURAL
905 98 1139 136 HISTORY

165 207 335 238 strumas
355 207 395 238 et
412 201 628 251 parotidas,
647 207 689 238 et
706 214 968 237 mammarum
986 200 1341 243 inflammationes3

167 269 209 299 et
223 276 345 312 panos
359 265 399 299 in
413 265 503 300 vino
517 263 610 300 folia
625 263 790 299 decocta
805 268 846 299 et
860 262 973 298 inlita
986 262 1143 298 tollunt.
1200 262 1341 298 eadem

165 325 274 361 arida
307 327 347 360 in
378 324 482 361 lacte
515 325 680 361 decocta
713 323 934 373 quamlibet
966 326 1210 373 perniciosae
1243 325 1339 360 tussi

165 389 352 423 citissime
384 386 607 423 medentur.
665 386 928 435 Hippocrates
960 385 1175 422 vulneratis
1207 387 1339 421 sitien-

165 449 352 497 tibusque
384 447 546 485 defectu
577 450 778 498 sanguinis
811 447 950 484 radicis
982 447 1173 484 decoctae
1205 460 1341 483 sucum

165 510 384 547 bibendum
410 510 536 554 dedit,
564 516 605 547 et
633 513 760 559 ipsam
786 509 1014 546 vulneribus
1040 522 1130 545 cum
1156 508 1274 544 melle
1302 514 1343 544 et

166 574 309 616 resina,
360 574 460 609 item
511 574 698 615 contusis,
751 570 911 614 luxatis,
964 570 1235 613 tumentibus;
1302 575 1343 606 et

166 633 365 678 musculis,
381 636 524 677 nervis,
541 633 714 670 articulis
730 635 904 682 inposuit
920 637 965 669 ut
981 644 1121 681 supra,
1151 634 1343 681 spasticis,

167 695 415 745 dysintericis
440 698 479 731 in
503 698 592 731 vino
615 695 830 731 bibendam
855 694 978 731 dedit.
1033 696 1175 730 mirum
1199 706 1342 742 aquam

167 757 298 793 radice
319 770 366 793 ea
386 757 523 794 addita
543 757 751 794 addensari
772 756 844 793 sub
864 755 932 793 diu
952 761 1074 805 atque
1093 755 1343 805 glaciescere.

168 819 359 856 efficacior
382 825 517 855 autem
541 832 619 868 quo
642 820 849 855 recentior.

220 880 418 917 LXXXV.
449 881 532 917 Nec
556 879 762 930 lapathum
789 878 996 916 dissimiles
1022 878 1184 916 effectus
1209 877 1344 915 habet.

169 949 228 979 est
259 949 395 979 autem
425 948 466 979 et
495 942 687 985 silvestre,
716 942 823 991 quod
851 941 914 977 alii
944 940 1101 978 oxalida
1129 939 1346 989 appellant,

168 1007 290 1041 nostri
330 1017 422 1041 vero
466 1007 670 1047 rumicem,
709 1003 773 1040 alii
819 1001 1026 1053 lapathum
1063 1002 1344 1045 canterinurn,¹

169 1079 309 1115 sapore
339 1069 465 1103 sativo
495 1068 733 1115 proximum,
764 1064 865 1102 foliis
897 1067 1036 1108 acutis,
1067 1063 1196 1100 colore
1226 1064 1347 1100 betae

168 1128 375 1172 candidae,
406 1128 537 1164 radice
567 1130 743 1172 minima,
774 1126 825 1163 ad
854 1132 1025 1163 strumas
1055 1139 1143 1162 cum
1175 1127 1348 1175 axungia

169 1190 491 1226 efficacissimum.
548 1195 608 1227 est
642 1195 683 1226 et
716 1188 886 1225 alterum
918 1187 1181 1238 genus—fere
1213 1186 1346 1238 oxyla-

168 1251 336 1302 pathum
364 1254 686 1288 vocant—sativo
714 1250 877 1287 similius
907 1256 948 1287 et
976 1251 1152 1286 acutiore
1181 1248 1273 1285 folio
1301 1261 1347 1285 ac

169 1314 359 1357 rubriore,
383 1327 460 1350 non
490 1316 561 1349 nisi
592 1316 631 1349 in
660 1312 900 1362 palustribus
929 1324 1105 1348 nascens.
1160 1316 1253 1347 sunt
1279 1312 1346 1360 qui

171 1382 211 1412 et
241 1375 575 1426 hydrolapathum
606 1374 768 1411 tradant
798 1377 838 1410 in
867 1387 971 1423 aqua
1000 1379 1138 1409 natum
1170 1378 1211 1408 et
1241 1371 1348 1408 aliud

170 1436 499 1487 hippolapathum
518 1439 643 1473 maius
662 1439 788 1473 sativo
806 1435 1091 1484 candidiusque
1110 1448 1154 1470 ac
1172 1436 1345 1483 spissius.

170 1499 363 1536 silvestria
409 1501 657 1548 scorpionum
703 1499 845 1534 ictibus
891 1496 1104 1533 medentur
1151 1502 1192 1532 et
1238 1494 1347 1532 feriri

170 1560 383 1611 prohibent
399 1560 606 1597 habentes.
656 1560 765 1596 radix
788 1565 903 1596 aceto
923 1558 1101 1602 decocta,
1118 1560 1148 1594 si
1169 1556 1349 1594 coluatur

173 1637 299 1669 sucus,
335 1623 522 1659 dentibus
556 1622 781 1665 auxiliatur,
815 1623 846 1657 si
879 1632 972 1657 vero
1004 1621 1177 1663 bibatur,
1210 1619 1348 1655 morbo

172 1688 292 1735 regio.
361 1698 497 1721 semen
534 1683 727 1720 stomachi
763 1681 1053 1719 inextricabilia
1087 1683 1184 1717 vitia
1219 1686 1346 1716 sanat.

173 1746 446 1796 hippolapathi
468 1746 579 1782 radix
600 1747 785 1795 privatim
806 1757 959 1794 ungues
980 1743 1136 1780 scabros
1157 1740 1346 1779 detrahit.

221 1833 231 1850 ¹
257 1833 363 1863 nostri
390 1843 470 1863 vero
497 1857 504 1863 .
533 1857 540 1863 .
568 1856 575 1863 .
602 1832 817 1862 camerinum
843 1835 914 1870 post
940 1830 1081 1860 minima
1105 1832 1233 1869 ponunt
1257 1827 1347 1860 codd.

179 1875 310 1907 Urlichs
329 1876 430 1907 delere
449 1875 541 1912 velit;
575 1874 761 1914 transponit
782 1873 945 1913 Mayhofs.

651 1965 666 1979 ⁴²
689 1960 750 1992 See
767 1959 783 1999 ξ
799 1959 873 1990 216.

177 2035 245 2071 Ῑ34
