1469 2299
144 497 203 525 114

143 818 203 848 115

144 1269 204 1300 116

429 132 623 170 PLINY:
669 132 932 169 NATURAL
966 133 1202 170 HISTORY

229 235 423 271 bibuntur
462 247 511 271 ex
552 248 657 284 aqua
695 234 861 271 caelesti
902 235 952 271 ad
992 235 1216 272 sistendum
1257 236 1402 273 alvum.

229 299 341 335 radix
377 298 545 335 decocta
579 312 718 335 sucum
752 296 957 335 remittit1
994 302 1060 348 qui
1096 302 1251 336 taenias
1286 306 1405 337 necat

229 366 428 399 victoriati
461 363 652 412 pondere.
710 363 852 399 eadem
885 363 1062 400 discocta
1094 366 1134 400 in
1168 377 1273 414 aqua
1306 378 1404 414 quas

232 427 378 477 lycium
399 432 582 476 praestat
602 427 813 464 utilitates.

283 491 389 528 LXI.
421 492 494 528 Est
537 497 579 528 et
621 491 803 528 silvestre
847 495 1037 541 punicum
1080 505 1103 528 a
1144 493 1405 529 similitudine

234 556 494 605 appellatum.
552 558 636 592 eius
683 555 837 592 radices
886 557 1004 592 rubro
1052 559 1199 593 cortice
1252 557 1404 593 denarii

230 620 408 669 pondere
428 633 476 656 ex
495 623 586 656 vino
603 626 725 669 potae
743 633 901 656 somnos
919 619 1084 657 faciunt.
1140 623 1292 657 semine
1310 627 1406 670 poto

235 698 339 733 aqua
379 697 482 734 quae
522 685 690 721 subierit
728 690 864 721 cutem
903 687 1085 721 siccatur.
1142 685 1234 721 mali
1274 688 1405 735 punici

231 751 387 785 corticis
410 748 520 785 fumo
542 749 687 785 culices
710 748 915 798 fugantur.

285 813 414 849 LXII.
446 811 626 849 Pirorum
661 816 840 849 omnium
875 814 986 850 cibus
1022 816 1144 850 etiarn
1180 814 1407 851 valentibus

232 890 437 921 onerosus,
451 880 582 927 aegris
595 880 676 913 vini
690 890 851 926 quoque
865 877 984 914 modo
998 884 1184 927 negatur.
1241 878 1408 915 decocta

233 942 375 978 eadem
392 944 491 978 mire
508 941 682 978 salubria
699 947 740 978 et
755 947 887 992 grata,
904 944 1118 991 praecipue
1136 941 1405 979 Crustumina.

233 1019 512 1056 quaecumque
546 1019 640 1042 vero
674 1019 765 1042 cum
798 1006 918 1042 melle
952 1006 1121 1043 decocta
1154 1006 1407 1043 stomachum

233 1070 437 1107 adiuvant.
495 1070 596 1107 fiunt
613 1070 907 1120 cataplasmata
928 1083 949 1107 e
970 1074 1064 1120 piris
1087 1071 1137 1107 ad
1154 1071 1409 1108 discutienda

232 1148 442 1184 corporum
456 1138 568 1178 vitia,
584 1141 626 1171 et
640 1135 807 1172 decocto
823 1147 960 1171 eorum
976 1135 1026 1171 ad
1040 1135 1209 1172 duritias
1224 1141 1406 1173 utuntur.

232 1202 318 1248 ipsa
352 1199 616 1236 adversantur
648 1199 794 1236 boletis
829 1206 953 1249 atque
988 1199 1135 1249 fungis,
1169 1199 1409 1250 pelluntque

232 1263 409 1313 pondere
448 1270 489 1300 et
525 1269 735 1314 pugnante
772 1277 877 1301 suco.
944 1266 1075 1313 pirum
1111 1264 1292 1301 silvestre
1329 1270 1409 1301 tar-

233 1328 394 1365 dissime
464 1331 712 1365 maturescit.
794 1328 1017 1365 conciditur
1086 1341 1408 1378 suspensumque

233 1396 404 1429 siccatur
423 1393 474 1429 ad
494 1393 715 1430 sistendam
735 1393 881 1437 alvum,
902 1392 1009 1442 quod
1030 1399 1071 1429 et
1091 1393 1303 1430 decoctum
1324 1396 1409 1430 eius

234 1463 333 1507 potu
364 1463 557 1506 praestat.
614 1457 862 1494 decocuntur
892 1463 935 1494 et
963 1457 1058 1494 folia
1087 1471 1178 1494 cum
1207 1471 1326 1507 pomo
1357 1457 1408 1494 ad

235 1521 398 1558 eosdem
437 1535 543 1558 usus.
599 1524 776 1571 pirorum
815 1522 912 1571 ligni
950 1524 1047 1558 cinis
1086 1527 1226 1558 contra
1264 1521 1409 1572 fungos

236 1588 458 1623 etiamnum
480 1586 676 1623 efficacius
696 1585 865 1636 proficit.
920 1586 1025 1622 mala
1038 1589 1205 1636 piraque
1220 1589 1409 1622 iumentis

235 1656 399 1700 portatu
421 1653 520 1687 mire
542 1653 680 1701 gravia
701 1656 795 1687 sunt
816 1651 878 1687 vel
900 1663 1040 1700 pauca.
1097 1650 1275 1687 remedio
1297 1653 1410 1687 aiunt

237 1727 338 1759 esse,
377 1718 408 1752 si
454 1718 562 1766 prius
603 1715 762 1752 edenda
801 1715 949 1752 dentur
988 1715 1121 1765 aliqua
1160 1720 1231 1752 aut
1270 1717 1409 1764 utique

235 1779 513 1816 ostendantur.

342 1873 353 1892 ²
378 1874 524 1906 remittit
541 1874 642 1912 codd„
661 1873 818 1914 Mayhoff
830 1886 836 1905 :
867 1875 996 1905 emittit
1014 1873 1109 1915 vulq„
1128 1872 1300 1915 Dellessen.

699 1997 713 2012 ⁰
736 1993 796 2024 Le.
813 1991 950 2034 dropsy.

231 2066 302 2101 490
