1469 2299
126 403 165 433 46

122 884 163 914 47

393 134 587 172 PLINY:
632 134 894 173 NATURAL
926 135 1161 173 HISTORY

188 235 446 273 chamaeleon
500 241 676 281 vocetur,
729 239 925 273 varietate
979 236 1161 273 foliorum
1216 240 1361 275 evenit.

189 296 321 327 mutat
343 292 448 326 enirn
469 303 559 326 cum
579 295 687 327 terra
708 290 870 334 colores,
891 289 953 326 hic
974 293 1100 340 niger,
1122 291 1197 326 illic
1218 291 1364 335 viridis,

190 343 310 380 aliubi
339 356 526 394 cyaneus,
555 343 674 380 aliubi
703 356 863 380 croceus
892 349 1015 393 atque
1044 344 1127 380 aliis
1156 344 1362 383 coloribus.

192 409 241 432 ex
264 395 322 433 his
345 397 536 434 candidus
557 396 793 447 hydropicos
814 402 930 433 sanat
951 410 1043 434 suco
1065 397 1204 434 radicis
1227 397 1365 434 decoc-

188 455 268 486 tae.
323 451 474 487 bibitur
509 450 697 487 drachma
733 453 773 487 in
809 463 936 500 passo.
991 450 1104 500 pellit
1141 456 1183 487 et
1218 453 1365 488 intera-

190 516 356 540 neorum
380 504 564 540 animalia
588 503 786 540 acetabuli
809 517 995 540 mensura
1018 506 1099 540 suci
1124 504 1302 541 eiusdem
1324 507 1364 541 in

189 559 279 594 vino
310 563 469 594 austero
500 571 590 594 cum
621 560 771 608 origani
803 560 941 607 scopis.
996 557 1092 593 facit
1123 557 1173 594 ad
1203 558 1365 594 difficul-

189 616 318 647 tatem
340 613 489 648 urinae.
544 610 607 647 hic
628 624 743 648 sucus
765 611 909 647 occidit
931 616 973 647 et
993 624 1110 647 canes
1132 624 1303 661 suesque
1323 614 1364 648 in

188 664 351 714 polenta
375 665 512 702 addita
536 678 641 715 aqua
664 670 706 702 et
732 664 853 708 oleo,l
877 663 1077 701 contrahit
1102 667 1142 700 in
1166 677 1208 701 se
1231 678 1363 702 mures

193 731 237 754 ac
272 724 403 762 necat,
438 720 510 755 nisi
545 721 724 768 protinus
759 731 905 768 aquam
939 718 1138 754 sorbeant.
1191 718 1365 755 radicem

193 774 276 808 eius
298 771 418 821 aliqui
440 774 635 809 concisam
657 774 803 808 servari
824 772 965 808 iubent
986 770 1167 808 funiculis
1188 772 1366 821 penden-

191 830 275 862 tem
293 825 543 875 decoquique
561 828 601 862 in
619 825 707 862 cibo
725 831 863 862 contra
881 825 1087 862 fluctiones
1107 838 1204 875 quas
1223 825 1365 862 Graeci

190 877 495 916 rheumatismos
512 885 666 915 vocant.
723 892 772 915 ex
788 881 909 929 nigris
925 879 1046 928 aliqui
1060 891 1212 916 marem
1228 879 1365 916 dixere

189 935 251 969 cui
281 932 351 969 flos
382 945 603 982 purpureus
635 938 741 969 esset
771 938 813 969 et
842 931 1031 969 feminam
1063 934 1125 968 cui
1156 932 1362 970 violaceus.

190 987 298 1022 una2
328 992 544 1023 nascuntur
573 986 685 1023 caule
709 985 886 1029 cubitali,
910 986 1170 1022 crassitudine
1195 986 1361 1036 digitali.

192 1039 388 1076 radicibus
415 1052 551 1076 earum
567 1041 582 1063 3
612 1039 786 1076 lichenes
809 1045 999 1076 curantur
1021 1052 1110 1075 cum
1135 1039 1294 1089 sulpure
1324 1046 1366 1077 et

190 1093 386 1130 bitumine
428 1107 508 1130 una
547 1096 682 1137 coctis,
724 1093 1048 1129 conmanducatis
1089 1106 1182 1129 vero
1223 1092 1364 1130 dentes

190 1147 355 1183 mobiles
396 1153 465 1183 aut
504 1149 543 1183 in
584 1152 698 1183 aceto
738 1147 923 1183 decoctis.
978 1159 1071 1183 suco
1110 1147 1283 1183 scabiem
1323 1153 1366 1184 et

190 1200 481 1250 quadripedum
537 1206 691 1237 sanant.
748 1206 790 1237 et
843 1203 983 1237 ricinos
1036 1213 1180 1236 canum
1234 1206 1365 1244 necat,

189 1256 374 1291 iuvencos
399 1267 558 1304 quoque
583 1256 754 1304 anginae
777 1254 909 1297 modo,
933 1266 1056 1303 quare
1081 1267 1103 1289 a
1127 1254 1363 1303 quibusdam

189 1307 414 1357 ulophonon
429 1309 444 1331 4
457 1314 620 1344 vocatur
633 1313 675 1344 et
689 1308 704 1331 ⁵
715 1307 930 1358 cynozolon
944 1313 1106 1357 propter
1125 1310 1366 1357 gravitatem

189 1361 330 1398 odoris.
385 1361 521 1398 ferunt
541 1367 582 1398 et
599 1360 699 1398 haec
717 1364 866 1398 viscum
885 1361 1081 1398 ulceribus
1100 1361 1363 1398 utilissimum.

239 1464 251 1483 1
275 1463 329 1494 Ila
344 1463 420 1495 dist.
437 1464 599 1504 Mayhoff.

238 1507 250 1525 ²
277 1517 344 1538 una
367 1507 409 1545 R,
429 1507 527 1548 vulq„
549 1507 729 1548 belles-sen:
769 1511 805 1538 et
829 1517 897 1538 una
916 1506 1055 1547 plurimi
1074 1506 1188 1538 codd.:
1222 1510 1275 1538 set
1298 1517 1366 1538 una.

196 1550 390 1623 ngglgffim
412 1596 469 1631 (sc.
489 1593 675 1632 herbarum)
695 1603 806 1624 omnes
823 1593 936 1623 codd.:
969 1602 1086 1623 eorum
1107 1591 1270 1632 Mayhoff.

238 1636 251 1654 ⁴
275 1635 472 1684 ulophonon
508 1636 689 1685 ssarbarus,
725 1635 911 1676 Detlessen:
961 1635 1153 1676 ulophyton
1190 1635 1349 1676 Maylzoff
1357 1648 1364 1667 :

194 1677 699 1762 ulquitglclz’rblizlfzgljlssgilegg?
700 1677 795 1752 {¹1:³31th
803 1678 953 1752 cciizdcciodd.
969 1732 976 1752 :
1006 1724 1059 1752 set
1075 1724 1110 1751 et
1128 1720 1168 1751 Μ
1170 1720 1292 1761 ayhoff.

201 1915 208 1926 .
235 1878 250 1892 ‘¹
273 1873 353 1904 Said
384 1871 429 1925 by
460 1883 565 1913 many
599 1876 637 1903 to
668 1872 710 1903 be
744 1871 909 1907 catarrha,
941 1871 1003 1927 bu‘t
1037 1870 1267 1927 ρευμιξτίζεξξιαι
1297 1871 1366 1902 and

190 1915 982 2000 ‘²‘²2³{faissss‘ffffffgsstpvpvssffiss‘{Zaisseffhffi33?ss21
998 1918 1199 1989 {3333ss
1218 1914 1364 1990 οιῖἓῖἓῗὲ

192 2002 211 2015 “
225 2001 370 2043 Though
391 2011 484 2032 some
503 2000 709 2043 distinguish
729 2011 837 2038 sexes,
857 2004 928 2041 yet,
948 2000 1039 2032 etc.''

189 2080 260 2116 324
