1469 2299
140 644 178 669 ¹51.

139 1068 178 1098 «53

408 104 600 142 PLINY:
649 105 907 142 NATURAL
943 104 1174 141 HISTORY

205 206 380 244 extrahit
405 212 447 243 et
473 209 744 243 excrescentia
767 209 806 242 in
831 206 1002 243 sedibus.
1058 209 1194 255 spinae
1219 220 1376 256 quoque

204 275 248 297 ac
281 261 505 297 lumborum
538 262 772 310 sanguinem
805 265 1034 309 corruptum
1067 259 1190 296 trahit
1222 261 1376 297 inlitum

204 328 355 358 semen,
374 320 415 350 et
434 319 572 363 potum
591 316 629 350 in
647 316 731 349 iure
749 313 955 363 gallinacei
974 313 1183 349 decoctum
1202 320 1269 350 aut
1288 327 1378 350 cum

204 369 298 404 beta
337 374 377 404 et
414 367 534 403 lente.
590 372 725 403 cortex
764 369 923 403 seminis
960 366 1171 403 liventibus
1208 367 1376 404 colorem

203 422 346 458 reddit.
405 421 515 470 Magi
556 420 834 469 heliotropium
872 419 941 456 inl
979 422 1183 469 quartanis
1222 427 1377 469 quater,

205 478 242 511 in
274 477 455 511 tertianis
488 480 549 510 ter
580 474 744 523 adligari
775 474 915 509 iubent
946 473 995 509 ab
1026 475 1110 522 ipso
1141 486 1260 523 aegro
1292 488 1377 523 pre-

204 531 363 577 carique
407 541 512 570 eum,
555 527 776 564 soluturum
819 539 860 562 se
904 526 1026 563 nodos
1068 526 1293 569 liberatum.
1337 534 1379 565 et

206 585 333 618 iacere
351 582 365 604 2
390 595 466 617 non
492 587 682 629 exempta
705 579 840 616 herba.

256 635 382 671 XXX.
414 634 533 671 Aliud
570 634 731 670 adianto
767 632 1020 670 miraculum:
1073 638 1229 670 aestate
1266 636 1378 677 viret,

204 689 343 725 bruma
368 702 445 724 non
470 690 689 727 marcescit,
715 700 837 736 aquas
862 689 1026 736 respuit,
1051 685 1254 735 perfusum
1278 700 1379 724 mer-

205 755 342 778 sumve
386 744 486 778 sicco
530 741 655 777 simile
701 745 929 777 est—tanta
972 740 1196 776 dissociatio
1239 740 1379 790 depre-

205 794 551 831 henditur—unde
582 800 622 831 et
654 807 797 830 nomen
828 807 851 830 a
881 794 1042 830 Graecis
1073 793 1215 842 alioqui
1248 793 1377 831 frutici

204 851 382 898 topiario.
440 848 602 898 quidam
639 846 883 884 callitrichon
921 852 1077 890 vocant,
1115 847 1177 883 alii
1217 847 1380 896 polutri-

203 902 317 944 chon,
348 908 562 951 utrumque
592 902 642 937 ab
671 900 828 937 effectu.
883 903 1032 950 tinguit
1061 902 1166 936 enim
1195 901 1379 950 capillum

205 962 246 992 et
266 956 314 992 ad
336 955 407 991 hoc
426 955 663 1004 decoquitur
681 957 721 990 in
740 957 829 990 vino
848 967 935 990 cum
956 956 1107 990 semine
1126 956 1204 1003 apii
1224 954 1380 991 adiecto

204 1009 290 1046 oleo
329 1010 520 1058 copiose,3
560 1014 603 1044 ut
641 1010 812 1057 crispum
855 1007 1104 1056 densumque
1143 1006 1286 1051 faciat3
1339 1013 1381 1045 et

206 1063 381 1099 defluere
396 1068 531 1098 autem
546 1061 742 1111 prohibet.
792 1061 870 1097 duo
885 1063 967 1097 eius
981 1074 1129 1111 genera
1143 1074 1151 1097 ε
1176 1061 1380 1098 candidius

206 1122 247 1152 et
283 1118 438 1166 nigrum
474 1116 723 1164 breviusque.
780 1114 818 1151 id
856 1114 962 1164 quod
998 1116 1123 1150 maius
1161 1120 1236 1158 est,
1271 1114 1379 1165 poly-

207 1169 373 1213 trichon‚
402 1169 522 1219 aliqui
551 1168 815 1205 trichomanes
844 1173 998 1204 vocant.
1055 1170 1213 1217 utrique
1240 1168 1378 1205 ramuli

205 1227 315 1271 nigro
340 1223 468 1259 colore
494 1225 638 1266 nitent,
664 1221 764 1258 foliis
790 1220 927 1265 felicis,
953 1234 1001 1257 ex
1028 1222 1170 1270 quibus
1194 1221 1381 1258 inferiora

204 1272 344 1326 aspera
361 1290 405 1313 ac
422 1276 531 1313 fusca
547 1281 653 1319 sunt,
669 1277 801 1312 omnia
817 1280 952 1311 autem
969 1277 1173 1311 contrariis
1190 1274 1380 1324 pediculis

203 1331 326 1367 densa
356 1343 403 1367 ex
435 1330 599 1366 adverso
628 1332 733 1365 inter
756 1329 832 1372 se‚‘¹
861 1329 972 1365 radix
1003 1328 1121 1365 nulla.
1177 1329 1379 1366 umbrosas

206 1391 339 1433 petras
366 1386 646 1433 parietumque
677 1384 905 1432 aspergines
935 1395 979 1418 ac
1009 1381 1178 1419 fontium
1207 1384 1380 1419 maxime

255 1465 266 1484 ¹
292 1466 323 1495 in
340 1465 414 1495 add.
436 1464 599 1504 JIafimff,
617 1464 653 1495 C.
673 1464 710 1494 F.
736 1464 781 1493 11'.
800 1462 925 1494 Maller
939 1467 1075 1494 secutus.

254 1509 266 1527 ²
290 1509 396 1538 iacere
415 1507 499 1538 coni.
522 1506 695 1546 Mayhnff:
728 1505 838 1536 facere
857 1506 946 1537 codd.

252 1552 264 1569 ³
287 1551 440 1590 copiose:
471 1550 605 1589 copioso
620 1548 702 1579 coni.
722 1548 882 1588 Maykoff.

252 1595 264 1612 ⁴
289 1594 390 1624 densa
407 1598 441 1624 et
455 1593 599 1623 adversa
611 1593 700 1622 inter
712 1602 747 1622 se
760 1591 939 1622 contrariis
952 1590 1117 1632 pediculis
1128 1591 1214 1622 coni.
1230 1591 1385 1632 Mayhoff

208 1637 277 1667 coll.
302 1636 522 1676 Theophrasto
540 1635 619 1666 VII.
641 1636 691 1671 14,
713 1635 725 1665 1
746 1646 751 1665 :
776 1633 879 1672 φύλλα
895 1633 930 1665 δὲ
945 1633 1048 1673 μικρὰ
1063 1633 1186 1673 σφόδρα
1205 1633 1259 1665 καὶ
1275 1634 1380 1666 πυκνὰ

209 1680 259 1710 καὶ
281 1678 445 1717 πεφυκότα
461 1677 655 1717 καταντικρὺ
672 1676 834 1717 ἀλλήλων,
849 1676 923 1716 ῥίζα
939 1676 973 1708 δὲ
990 1676 1049 1717 οὐχ
1065 1676 1186 1708 ὕπεστι.

250 1771 263 1785 ‘¹
289 1766 321 1796 It
354 1766 380 1796 is
414 1765 589 1796 uncertain
624 1764 716 1794 what
747 1763 816 1794 this
848 1773 910 1794 can
944 1773 1054 1794 mean.
1101 1762 1252 1803 Perhaps
1283 1762 1379 1800 dat-k,

202 1808 445 1840 extravasated
469 1807 569 1838 blood
592 1807 744 1847 showing
765 1816 846 1837 near
867 1805 926 1836 the
946 1805 1089 1837 surface.
1136 1806 1302 1847 Compare
1321 1806 1380 1837 the

208 1852 227 1865 ‘⁴
242 1852 324 1882 lix-id
345 1851 486 1892 patches
501 1850 522 1862 ’'
542 1850 580 1880 of
595 1849 654 1880 the
673 1852 755 1880 next
775 1852 944 1880 sentence.

255 1895 267 1914 ¹³
290 1893 452 1929 ἀδίαντον,
471 1893 608 1923 “water
622 1891 757 1934 proof.'’

253 1942 265 1957 ε
288 1936 503 1976 καλλίτριχον.

250 1980 264 1999 '¹
287 1978 490 2019 πολύτριχον.

203 2041 273 2089 336
