1469 2299
134 372 194 403 152

425 140 618 178 PLINY:
664 141 925 178 NATURAL
959 140 1194 178 HISTORY

224 250 266 281 et
303 243 477 280 maculas
515 245 616 279 cutis
655 248 742 280 toto
780 256 942 292 corpore
981 243 1182 279 emendat.
1237 255 1397 292 serpere

224 306 380 342 ulcera]
402 319 479 341 non
500 307 665 354 patitur,
680 307 720 340 in
736 307 917 341 mammis
939 304 1261 341 efficacissimum.
1316 318 1398 341 car-

222 367 410 404 bunculos
445 369 594 415 rumpit
629 379 678 402 ex
714 369 814 402 vino.
871 368 1007 402 urinae
1041 365 1308 409 difficultates,
1342 368 1398 402 in-

224 429 440 472 flationem,
474 430 567 464 vitia
599 430 790 471 iocineris,
822 433 1029 464 tenesmon
1062 433 1103 464 et
1133 440 1236 478 quae
1266 428 1398 464 cibum

224 504 302 527 non
328 492 518 532 sentiant,
545 488 713 538 atropha
739 488 954 538 appellata,
980 494 1131 525 tostum
1157 494 1200 525 et
1224 491 1263 525 in
1289 491 1398 525 nucis

221 552 429 588 abellanae
470 550 788 600 magnitudinem
829 549 946 586 melle
987 550 1197 587 collectum
1236 550 1399 587 devora-

224 619 390 662 tumque
417 615 591 661 corrigit,
619 615 715 648 item
743 614 997 661 impetigines
1025 625 1073 648 ex
1101 617 1215 648 aceto
1241 617 1397 648 coctum

225 681 266 711 et
298 680 441 724 quarto
473 674 536 710 die
569 674 754 710 solutum.
809 686 932 723 panos
963 676 1003 709 in
1034 673 1151 710 melle
1183 676 1398 723 inpositum

136 742 194 772 153
219 749 438 786 suppurare
488 735 685 785 prohibet.
742 748 846 785 aqua
895 735 1047 771 decocti
1098 737 1307 784 perniones
1357 740 1399 772 et

137 1361 197 1392 154

138 1856 197 1887 155

226 800 400 848 pruritus
423 803 538 834 sanat
560 797 742 833 fovendo.
798 799 892 846 quin
915 802 956 833 et
979 799 1160 833 universo
1181 799 1346 846 corpori,
1367 799 1398 834 si

226 862 312 909 quis
341 859 486 896 cotidie
516 861 670 895 ieiunus
697 859 858 902 biberit,
886 858 1089 895 meliorem
1119 858 1200 894 fieri
1229 858 1399 896 colorem

225 924 470 958 existimant.
525 921 620 957 cibis
665 920 771 957 idem
814 919 982 956 hominis
1027 920 1211 956 alienum.
1279 923 1399 957 vomi-

226 986 354 1019 tiones
396 988 544 1026 movet,
587 982 717 1018 alvum
759 982 910 1025 turbat,
951 984 1070 1031 capiti
1114 987 1156 1018 et
1196 981 1400 1019 stomacho

224 1058 446 1081 onerosum.
502 1057 635 1094 genua
682 1056 841 1093 quoque
889 1043 1093 1094 degravat.
1148 1043 1218 1080 sed
1266 1044 1398 1081 made-

225 1107 375 1143 factum
401 1106 578 1156 pluribus
602 1106 742 1142 diebus
766 1108 954 1148 mitescit,
979 1106 1107 1142 bubus
1131 1108 1398 1155 iumentisque

225 1168 488 1205 utilissimum.
543 1168 708 1218 siliquae
746 1170 829 1204 eius
866 1167 1007 1204 virides
1044 1170 1150 1217 prius
1187 1181 1307 1217 quam
1343 1170 1398 1204 in-

222 1231 436 1267 durescant
461 1244 551 1266 cum
576 1244 646 1267 suo
672 1229 784 1266 caule
810 1229 991 1279 foliisque
1017 1232 1213 1266 contritae
1238 1229 1398 1279 capillos

224 1296 335 1343 nigro
356 1292 484 1329 colore
506 1292 697 1328 inficiunt.

276 1354 457 1391 LXXIV.
489 1354 631 1403 Lupini
649 1367 808 1403 quoque
824 1353 1022 1390 silvestres
1038 1359 1144 1397 sunt,
1160 1356 1266 1390 omni
1282 1353 1398 1391 modo

223 1420 392 1453 minores
446 1422 729 1466 praeterquam
782 1415 1060 1452 amaritudine.
1116 1428 1164 1452 ex
1218 1416 1398 1453 omnibus

224 1491 326 1528 quae
349 1478 523 1515 eduntur
543 1480 644 1514 sicco
664 1477 760 1514 nulli
782 1479 910 1514 minus
931 1477 1116 1527 ponderis
1138 1483 1199 1514 est
1219 1490 1293 1514 nec
1312 1477 1399 1527 plus

226 1540 422 1577 utilitatis.
478 1542 694 1576 mitescunt
728 1542 859 1576 cinere
894 1545 964 1576 aut
998 1552 1103 1589 aqua
1136 1538 1284 1576 calidis.
1338 1553 1399 1576 co-

225 1603 348 1639 lorem
366 1601 534 1638 hominis
552 1601 842 1651 frequentiores
860 1603 900 1637 in
917 1602 1004 1638 cibo
1023 1600 1260 1645 exhilarant,
1278 1603 1398 1638 amari

223 1670 361 1701 contra
400 1664 556 1713 aspidas
596 1663 742 1700 valent.
798 1663 930 1700 ulcera
970 1669 1057 1700 atra
1095 1663 1194 1700 aridi
1232 1663 1399 1700 decorti-

225 1730 385 1776 catique
426 1729 509 1763 triti
550 1727 755 1776 supposito
796 1725 958 1762 linteolo
999 1724 1049 1761 ad
1088 1727 1220 1762 vivum
1260 1738 1400 1774 corpus

224 1789 423 1838 redigunt.
479 1793 664 1831 strumas,
704 1787 907 1837 parotidas
947 1790 987 1823 in
1028 1792 1142 1823 aceto
1183 1789 1283 1824 cocti
1324 1787 1398 1824 dis-

223 1853 392 1887 cutiunt.
447 1863 562 1886 sucus
590 1849 844 1886 decoctorum
871 1862 961 1886 cum
987 1854 1079 1886 ruta
1106 1853 1148 1885 et
1173 1851 1311 1898 pipere
1338 1848 1401 1885 vel

269 1989 282 2008 ยน
306 1990 418 2022 ulcera
442 1991 531 2021 Vere.
552 1993 655 2029 (vetus
673 1989 784 2026 editio,
806 1990 903 2028 1507)
925 1989 1097 2030 Mayhoff:
1131 1988 1274 2020 vulnera
1290 1988 1381 2021 codd.

225 2079 294 2112 402
