1469 2299
367 94 560 132 PLINY:
605 96 866 134 NATURAL
898 97 1133 134 HISTORY

159 199 321 246 ponitur
341 200 381 234 in
403 199 585 234 mammis
606 198 857 234 tumentibus
879 211 902 234 a
924 204 1041 247 partu
1064 205 1107 236 et
1127 199 1333 249 aegilopiis

160 252 440 299 incipientibus
469 251 709 301 ignibusque
729 254 860 288 sacris.
915 251 1013 288 odor
1039 265 1221 289 somnum
1250 255 1334 303 gig—

160 307 231 340 nit.
288 305 461 341 radicem
505 305 713 341 decoctam
756 305 894 341 bibere
937 308 1132 354 spasticis,
1176 309 1334 348 eversis,

77 363 136 395 133
163 358 371 402 convulsis,
398 360 619 407 suspiriosis
643 358 818 395 salutare
840 364 901 395 est
926 364 968 395 et
987 361 1027 395 in
1047 362 1145 396 tussi
1162 361 1333 396 vetere.¹

161 414 259 448 rami
299 414 383 448 eius
421 417 503 448 tres
542 417 784 461 quattuorve
822 411 1069 449 decocuntur
1106 413 1157 450 ad
1194 415 1335 450 tertias

160 470 318 514 partes;
374 464 474 502 haec
516 467 626 514 potio
668 465 854 501 mulieres
897 478 946 501 ex
989 466 1132 502 abortu
1175 473 1335 516 purgat,

160 518 332 555 laterum
360 521 596 568 punctiones
624 518 729 555 tollit
757 524 800 555 et
828 521 981 555 vesicae
1008 519 1191 557 calculos.
1245 525 1335 556 tun-

160 572 269 608 ditur
309 586 399 609 cum
442 572 549 609 lilio2
588 575 628 608 in
669 572 932 621 diapasmata.
989 574 1166 610 vestibus
1203 573 1332 610 odoris

160 628 291 675 gratia
310 628 509 662 inseritur.
564 626 815 662 combretum
835 626 942 675 quod
961 626 1088 663 simile
1109 629 1144 663 ei
1165 627 1336 663 diximus

162 682 303 715 tritum
325 693 416 716 cum
439 682 613 729 axungia
637 679 800 716 vulnera
822 682 921 716 mire
944 685 1072 716 sanat.

75 738 135 770 134
214 733 440 770 LXXVIII.
470 733 641 770 Asarum
669 735 885 770 iocinerum
915 735 1018 770 vitiis
1046 733 1221 770 salutare
1250 746 1336 771 esse

162 786 335 823 traditur
353 789 469 823 uncia
487 792 648 836 sumpta
666 789 706 822 in
727 786 888 823 hemina
906 786 1021 824 mulsi
1040 789 1168 823 mixti.
1204 787 1335 824 alvum

161 846 309 889 purgat
340 840 503 877 ellebori
535 840 667 883 modo,
698 839 925 890 hydropicis
956 840 1120 890 prodest
1152 846 1194 877 et
1224 854 1337 890 prae-

161 894 303 930 cordiis
340 893 545 943 vulvisque
583 907 628 930 ac
664 894 803 931 morbo
839 896 961 944 regio.
1016 896 1056 930 in
1092 899 1270 931 mustum
1306 897 1335 931 si

162 947 348 991 addatur,
377 947 473 984 facit
502 950 638 984 vinum
666 949 787 984 urinis
816 947 978 984 ciendis.
1034 946 1221 984 effoditur
1247 961 1337 985 cum

162 1000 255 1037 folia
273 1001 457 1044 emittit,³
473 1003 644 1038 siccatur
659 1007 701 1038 et
717 1001 912 1038 conditur.
967 1003 1007 1037 in
1028 1002 1197 1038 umbra4
1217 1004 1337 1038 situm

161 1054 368 1091 celerrime
400 1058 537 1091 sentit.

78 1112 137 1144 135
216 1108 400 1145 LXXIX.
431 1109 484 1145 Et
519 1110 707 1158 quoniam
741 1107 918 1158 quidam,
953 1113 998 1145 ut
1031 1107 1217 1152 diximus,
1251 1121 1339 1145 nar-

163 1161 258 1198 dum
294 1165 486 1199 rusticum
522 1164 778 1199 nominavere
813 1162 989 1198 radicem
1023 1162 1213 1206 baccaris,
1248 1175 1338 1199 con-

163 1220 349 1252 texemus
385 1222 427 1252 et
462 1215 602 1252 Gallici
638 1215 750 1252 nardi
785 1215 963 1252 remedia
995 1217 1037 1251 in
1070 1214 1175 1252 hunc
1208 1215 1338 1252 locum

163 1269 288 1306 dilata
318 1272 358 1306 in
389 1272 609 1320 peregrinis
641 1270 859 1306 arboribus.
915 1282 1010 1319 ergo
1041 1269 1229 1306 adversus
1260 1282 1338 1306 ser-

164 1328 307 1372 pentes
337 1323 492 1360 duabus
521 1322 719 1360 drachmis
747 1325 787 1359 in
816 1325 906 1360 vino
935 1325 1141 1367 succurrit,
1169 1322 1339 1360 inflatio-

212 1437 223 1455 ¹
247 1441 299 1468 est
326 1441 361 1468 et
390 1438 422 1468 in
451 1438 537 1468 tussi
566 1440 691 1468 vetere.
739 1437 914 1477 Mayhoff:
956 1440 1019 1468 est.
1049 1437 1082 1467 in
1111 1437 1196 1468 tussi
1225 1439 1340 1468 vetere

167 1489 240 1510 cum
260 1480 350 1511 codd.
374 1479 547 1521 Dellefsen.

211 1523 224 1541 ²
247 1533 325 1553 cum
354 1522 424 1554 lilio
453 1524 487 1554 in
517 1523 735 1563 diapasmata
764 1527 892 1554 secutus
922 1522 1046 1553 Ianum
1075 1521 1262 1562 Detlessen:
1305 1522 1342 1551 et

167 1565 298 1596 utiliter
316 1566 350 1596 in
368 1565 586 1606 diapasmata
607 1565 781 1606 Mayhoff:
814 1575 890 1596 eum
910 1564 1087 1606 diligentia
1105 1569 1266 1605 paemata
1284 1569 1340 1596 aut

166 1619 243 1639 cum
268 1608 504 1649 diaprasmata
527 1608 616 1640 codd.

211 1651 223 1670 ³
246 1652 377 1682 emittit
414 1656 472 1683 aut
510 1652 621 1682 mittit
658 1651 772 1682 codd:
823 1651 954 1682 emittit
992 1649 1178 1691 Dellefsen:
1231 1650 1341 1681 mittit

169 1693 605 1777 Milygssffbi'qgtffjltazlilgffff
618 1704 828 1777 ZZZ-umbra
847 1735 1020 1776 Dellefsen.

204 1808 218 1822 ‘¹
241 1804 309 1835 For
325 1803 470 1843 aeyilops
487 1814 541 1834 see
558 1814 590 1844 p.
609 1804 643 1834 ix
660 1803 729 1834 and
745 1803 862 1835 Celsus
878 1803 958 1835 VII.
977 1806 1007 1841 7,
1026 1805 1056 1835 7.

205 1847 219 1867 ⁰
243 1847 305 1878 See
320 1848 335 1886 ἓ
351 1848 392 1878 30
407 1846 445 1877 of
457 1847 528 1877 this
543 1846 644 1877 book.

206 1894 217 1908 ⁰
242 1889 460 1920 Dioscorides
493 1889 521 1920 I.
556 1890 575 1920 9
611 1891 666 1927 (10
699 1889 762 1920 RV
795 1889 1001 1928 Wellmann)
1037 1900 1115 1930 says
1148 1890 1186 1921 of
1215 1889 1345 1930 ἅσαρον,

163 1933 319 1972 Ῥωμαῖοι
336 1931 558 1972 περπρέσσαμ,
576 1931 606 1962 οἱ
622 1931 655 1963 δὲ
673 1931 801 1973 βάκχαρ
819 1957 826 1963 .
846 1957 852 1963 .
872 1957 879 1963 .
898 1931 1018 1963 Γάλλοι
1037 1932 1153 1973 βάκαρ.
1201 1933 1251 1965 Cf.
1270 1933 1343 1966 Vol.

160 1984 224 2013 vn,
242 1975 351 2006 Index
367 1975 406 2007 of
418 1975 549 2013 Plants‚
567 1985 629 2006 s.v.
647 1976 805 2013 Asarum,
823 1974 956 2013 baccar,
973 1976 1111 2007 nardus.

161 2027 230 2073 258
