1469 2299
107 531 168 563 120

109 1089 165 1119 121

400 143 593 180 PLINY:
638 143 899 181 NATURAL
933 144 1167 182 HISTORY

194 246 367 283 indicare
417 248 638 281 conveniat.
693 247 732 281 in
782 248 916 295 primis
959 249 1250 295 sapientissima
1289 250 1369 283 ani-

195 316 355 352 malium
381 329 466 352 esse
489 321 645 351 constat
669 328 771 364 quae
794 315 909 366 fruge
932 322 1153 352 vescantur.
1208 316 1369 366 siliginis

194 399 317 435 grana
334 386 540 421 combusta
562 391 603 421 et
626 387 720 421 trita
741 387 781 421 in
796 387 885 422 vino
906 386 1076 422 Amineo
1092 386 1105 409 ¹
1123 385 1243 422 oculis
1258 386 1372 423 inlita

193 455 402 505 epiphoras
422 455 579 498 sedant,
600 457 718 491 tritici
740 468 832 492 vero
852 454 956 492 ferro
975 456 1183 492 combusta
1202 458 1247 492 iis
1267 470 1370 505 quae

195 526 317 575 frigus
358 528 501 562 usserit
541 530 831 574 praesentaneo
871 531 963 562 sunt
1003 526 1190 562 remedio.
1246 526 1371 562 farina

194 598 315 632 tritici
337 609 386 632 ex
409 601 523 631 aceto
545 601 657 632 cocta
679 608 888 631 nervorum
910 597 1260 639 contractionibus,
1281 609 1370 633 cum

194 678 354 702 rosaceo
376 678 468 701 vero
492 671 532 701 et
555 664 627 701 fico
649 667 751 701 sicca
772 667 982 715 myxisque
1005 665 1178 702 decoctis
1200 665 1371 703 furfures

194 735 359 771 tonsillis
397 734 657 784 faucibusque
693 737 1010 784 gargarizatione
1048 740 1224 784 prosunt.
1280 734 1370 772 Sex.

196 804 435 854 Pomponius
464 807 649 854 praetorii
681 806 749 840 viri
777 810 907 854 pater,
937 805 1153 854 Hispaniae
1181 807 1372 842 citerioris

195 878 390 924 princeps,
424 888 511 911 cum
547 873 695 910 horreis
728 876 806 910 suis
840 874 1078 911 ventilandis
1112 875 1372 924 praesideret,

194 950 399 994 correptus
427 944 560 980 dolore
590 944 791 994 podagrae
819 946 956 980 mersit
984 946 1023 979 in
1051 946 1226 980 triticum
1254 958 1373 994 super

194 1027 326 1064 genua
348 1027 448 1056 sese,
472 1013 705 1063 levatusque
727 1015 881 1050 siccatis
902 1013 1070 1063 pedibus
1091 1014 1312 1051 mirabilem
1333 1017 1371 1051 in

194 1083 356 1120 modum
381 1082 454 1120 hoc
478 1089 620 1132 postea
643 1083 820 1120 remedio
846 1096 938 1120 usus
963 1089 1036 1120 est.
1092 1085 1147 1120 vis
1172 1089 1287 1120 tanta
1311 1090 1373 1121 est

195 1160 238 1190 ut
271 1154 388 1190 cados
420 1153 557 1203 plenos
589 1155 722 1190 siccet.
778 1153 935 1203 paleam
967 1166 1127 1203 quoque
1159 1156 1279 1190 tritici
1311 1154 1372 1190 vel

194 1222 331 1260 hordei
358 1223 527 1260 calidam
553 1225 688 1272 inponi
715 1225 905 1260 ramicum
931 1223 1189 1260 incommodis
1217 1226 1370 1273 experti

194 1295 348 1337 iubent,
381 1307 540 1343 quaque
571 1293 762 1330 decoctae
793 1296 873 1329 sint
904 1306 1008 1342 aqua
1039 1292 1185 1330 fovere.
1241 1299 1302 1330 est
1332 1297 1372 1330 in

198 1364 300 1400 farre
323 1363 558 1400 vermiculus
579 1363 748 1400 teredini
770 1363 919 1407 similis,
936 1377 1014 1413 quo
1035 1366 1138 1400 cavis
1159 1363 1341 1400 dentium
1358 1364 1373 1387 ²

197 1447 286 1469 cera
302 1433 450 1469 incluso
466 1433 608 1470 cadere
625 1435 752 1470 vitiati
769 1433 967 1476 dicuntur,
984 1435 1106 1470 etiam
1121 1435 1151 1469 si
1168 1433 1370 1471 fricentur.

197 1503 348 1553 olyram
389 1506 562 1540 arincam
602 1503 772 1540 diximus
813 1505 954 1540 vocari.
1009 1502 1082 1539 hac
1122 1503 1287 1539 decocta
1328 1503 1372 1540 fit

195 1573 533 1609 medicamentum
588 1573 695 1622 quod
747 1574 927 1623 Aegypti
980 1571 1161 1609 atheram
1216 1578 1371 1617 vocant,

195 1642 414 1679 infantibus
438 1643 703 1686 utilissimum,
726 1642 797 1679 sed
821 1648 862 1679 et
885 1642 1041 1679 adultos
1065 1642 1236 1679 inlinunt
1260 1655 1319 1679 eo.

404 1762 413 1779 ¹
438 1763 517 1793 Pae!
534 1763 677 1792 Amineo
695 1772 817 1793 comma
836 1761 948 1793 delevi.

401 1805 413 1823 ²
436 1805 512 1835 Post
529 1804 683 1836 dentium
700 1804 815 1835 addere
831 1804 929 1836 velim
945 1814 1033 1836 cum.

386 1961 400 1976 ‘²
425 1957 574 1994 Perhaps
594 1967 636 1986 an
659 1956 821 1987 honorific
840 1956 927 1987 title.

390 1999 402 2019 ὓ
424 2000 513 2030 That
534 2001 570 2036 is,
591 1999 619 2030 if
633 1999 715 2041 they
734 2009 790 2031 are
810 1999 927 2032 buried
946 1999 980 2031 in
998 1998 1057 2031 the
1074 1999 1182 2042 grain.

194 2070 264 2116 380
