1469 2299
372 120 566 159 PLINY:
612 121 872 158 NATURAL
906 120 1140 158 HISTORY

102 231 142 261 84
219 223 326 260 XLI.
357 223 429 259 His
446 223 712 259 adnumerant
728 228 769 258 et
785 225 886 259 sium
902 222 915 245 1
930 222 1047 258 latius
1064 224 1166 271 apio,
1183 224 1222 258 in
1239 235 1342 272 aqua

166 290 345 320 nascens,
395 279 580 326 pinguius
631 278 874 325 nigriusque‚
925 278 1126 324 copiosum
1177 279 1342 319 semine,

165 343 304 379 sapore
342 332 538 366 nasturtii.
594 329 757 378 prodest
794 331 927 372 urinis,
964 330 1137 372 renibus,
1175 329 1342 366 lienibus

166 384 458 432 mulierumque
480 384 695 425 mensibus,
717 385 797 419 sive
820 385 948 432 ipsum
970 384 1008 418 in
1031 383 1117 419 cibo
1138 389 1342 432 sumptum

165 440 246 474 sive
267 439 325 473 ius
345 437 499 473 decocti
519 439 599 473 sive
620 438 770 472 semine
790 438 829 472 in
850 439 939 472 vino
959 435 1154 472 drachmis
1174 436 1341 472 duabus.

165 490 334 527 calculos
361 492 509 540 rumpit
537 492 729 539 aquisque
758 502 860 538 quae
888 491 1059 539 gignunt
1087 502 1153 525 eos
1180 492 1341 526 resistit.

166 544 415 594 dysintericis
443 544 607 593 prodest
634 542 822 586 infusum,
851 545 948 578 item
977 543 1133 579 inlitum
1161 542 1343 593 lentigini

167 604 207 634 et
221 597 431 634 mulierum
447 599 551 633 vitiis
565 599 603 632 in
620 596 720 632 facie
738 602 856 633 noctu
871 596 1042 639 inlitum,
1055 596 1312 646 lomentoque
1328 597 1343 620 2

165 657 300 687 cutem
339 651 529 687 emendat
563 656 604 687 et
641 652 806 686 ramices
845 649 956 693 lenit,
991 662 1183 699 equorum
1222 652 1344 686 etiam

166 705 352 741 scabiem.

101 765 141 795 85
218 757 348 794 XLII.
378 756 570 807 Syllibum
592 756 882 793 chamaeleonti
904 756 993 792 albo
1013 756 1195 800 similem,
1216 769 1344 806 aeque

167 814 380 860 spinosam,
405 823 455 847 ne
479 813 519 846 in
545 810 679 847 Cilicia
704 810 866 859 quidem
892 815 961 846 aut
987 809 1099 859 Syria
1124 815 1194 846 aut
1220 809 1345 846 Phoe-

167 868 267 908 nice,
301 865 366 901 ubi
400 866 588 907 nascitur,
620 877 791 913 coquere
825 865 928 899 tanti
962 869 1034 899 est.
1090 866 1147 899 ita
1179 876 1345 912 operosa

168 921 251 954 eius
266 918 395 954 culina
410 918 593 954 traditur.
649 920 687 953 in
702 917 899 953 medicina
914 916 1064 952 nullum
1080 930 1193 953 usum
1208 917 1343 953 habet.

102 979 141 1008 86
219 971 371 1008 XLIII.
401 971 627 1021 Scolymum
655 984 813 1020 quoque
841 973 880 1006 in
906 970 1012 1006 cibos
1039 973 1190 1019 recepit
1216 973 1345 1007 oriens

170 1031 211 1061 et
258 1025 333 1062 alio
380 1027 538 1061 nomine
585 1025 772 1060 limonian
819 1023 1047 1073 appellavit.
1102 1023 1236 1060 frutex
1284 1029 1346 1060 est

168 1092 385 1128 numquam
418 1078 579 1115 cubitali
602 1077 717 1114 altior
736 1080 862 1114 cristis
880 1078 894 1100 3
915 1076 1096 1114 foliorum
1117 1090 1162 1113 ac
1178 1078 1192 1100 4
1213 1077 1345 1114 radice

169 1135 295 1182 nigra,
335 1131 405 1168 sed
446 1132 564 1175 dulci,
605 1130 862 1168 Eratostheni
903 1143 1063 1180 quoque
1102 1130 1267 1167 laudata
1306 1133 1346 1167 in

168 1188 333 1235 pauperi
381 1198 491 1221 cena.
547 1187 700 1221 urinam
748 1187 851 1221 ciere
901 1187 1112 1233 praecipue
1160 1184 1345 1228 traditur,

169 1253 309 1275 sanare
326 1238 500 1275 lichenas
519 1244 559 1275 et
576 1238 705 1287 lepras
724 1251 773 1274 ex
791 1243 919 1280 aceto,
936 1251 1123 1274 venerem
1141 1238 1345 1274 stimulare

102 1299 140 1329 87
168 1295 206 1328 in
228 1295 317 1328 vino
333 1294 348 1316 5
373 1292 548 1329 Hesiodo
573 1298 614 1328 et
639 1292 786 1328 Alcaeo
810 1292 995 1335 testibus,
1016 1294 1082 1340 qui
1106 1290 1274 1328 florente
1299 1304 1346 1328 ea

168 1347 323 1382 cicadas
360 1348 538 1382 acerrimi
575 1351 716 1382 cantus
752 1358 838 1382 esse
876 1350 918 1381 et
953 1345 1138 1381 mulieres
1174 1345 1346 1382 libidinis

220 1450 230 1467 ¹
254 1453 289 1479 et
309 1449 395 1479 sium
418 1448 567 1479 Broticr:
600 1449 707 1479 esium
727 1448 817 1479 codd.

221 1492 232 1510 ²
256 1492 474 1531 lomentoque
509 1491 651 1527 Urlichs,
683 1490 858 1531 Dedefsen,
887 1490 1061 1530 illaylzoff:
1105 1495 1348 1531 momentoque

175 1534 314 1574 plurimi
330 1535 420 1565 codd.
437 1546 444 1564 :
476 1534 633 1574 Maylmff
646 1533 749 1574 perqit
765 1546 771 1563 :
805 1534 824 1545 “
838 1533 893 1564 sed
909 1538 1069 1573 exspertes
1086 1543 1163 1563 cum
1181 1533 1346 1564 lomento-

179 1588 243 1617 que
261 1577 306 1608 rel
320 1577 540 1616 lomentoque
554 1577 689 1607 adiecto
705 1576 843 1614 (mixto)
860 1600 866 1606 .
885 1600 891 1606 .
910 1600 916 1606 .
932 1586 974 1605 (ιη
991 1575 1233 1616 fovendoque?

177 1662 197 1693 W
218 1619 230 1637 ³
256 1621 367 1650 cristis
385 1619 566 1659 Dellefsen:
597 1620 775 1659 cristisque
791 1618 814 1649 d
831 1618 914 1658 vulq.
932 1631 938 1649 :
968 1619 1077 1649 tristis
1093 1618 1120 1649 G
1135 1631 1141 1649 ε
1171 1619 1347 1658 tristisque

195 1662 203 1669 ’
230 1663 355 1701 ΣΙῙαμΙιο
386 1687 392 1693 .

218 1705 231 1723 ⁴
254 1716 293 1736 ac
315 1662 440 1745 aigum
461 1705 551 1736 codd.
576 1703 660 1744 vulq.
686 1703 868 1744 Dellessen:
905 1714 969 1734 acu
991 1702 1066 1734 dR:
1103 1703 1228 1735 aculeis
1259 1702 1344 1734 coni.

177 1747 339 1788 Mayhoff.

221 1791 233 1808 ⁵
256 1790 392 1821 invenio
408 1789 491 1821 coni.
514 1789 746 1829 Warminylon.

216 1914 229 1928 ‘²
252 1910 333 1940 This
358 1909 498 1950 reading
522 1908 560 1939 of
582 1909 715 1939 Brotier
740 1909 767 1939 is
791 1908 945 1949 strongly
969 1908 1154 1939 confirmed
1180 1908 1224 1949 by
1252 1909 1344 1940 Dios-

171 1953 300 1984 corides
317 1953 364 1983 II.
385 1953 457 1988 127,
474 1951 545 1982 σιόν
562 1951 674 1990 φύεται
691 1950 724 1983 ἐν
741 1953 808 1984 τοῖς
825 1950 916 1982 ὕδασι
933 1960 1028 1992 xxx.

219 1996 230 2014 ⁶
253 1995 344 2026 That
365 1996 404 2032 is,
426 1995 485 2026 the
506 1994 619 2026 leaves
640 2005 697 2026 are
719 1994 873 2025 broader.

170 2067 239 2102 352
