1469 2299
167 559 226 591 100

167 1254 222 1285 101

456 130 650 168 PLINY:
695 131 955 168 NATURAL
990 130 1224 168 HISTORY

251 239 446 283 apparatu
479 235 709 269 comitante.
765 235 870 269 noxii
903 238 1020 268 erunt
1052 232 1163 282 fungi
1195 235 1261 282 qui
1292 235 1331 269 in
1364 248 1426 271 co—

252 287 411 336 quendo
427 287 603 323 duriores
621 287 718 323 fient
733 299 742 329 3
771 288 1062 322 innocentiores
1079 288 1145 335 qui
1162 288 1265 322 nitro
1289 287 1426 324 addito

247 346 483 390 coquentur,
517 343 655 389 utique
690 343 719 376 si
757 344 1063 388 percoquantur.
1118 341 1286 376 tutiores
1325 340 1426 378 fiunt

250 408 340 430 cum
377 406 494 430 carne
531 396 630 430 cocti
668 399 737 429 aut
774 406 863 429 cum
901 392 1083 442 pediculo
1120 395 1204 442 piri.
1260 400 1426 442 prosunt

252 454 293 484 et
330 450 414 497 pira
451 446 659 483 confestim
698 452 869 495 sumpta.
925 445 1101 482 debellat
1139 459 1205 483 eos
1243 452 1285 483 et
1322 450 1425 484 aceti

252 507 395 537 natura
417 502 614 537 contraria
635 502 692 536 iis.

302 554 489 590 XLVIII.
522 554 718 590 Imbribus
743 555 980 602 proveniunt
1005 555 1137 589 omnia
1162 552 1274 597 haec,
1299 554 1425 590 imbre

252 613 292 644 et
322 607 507 657 silphium
537 610 647 643 venit
677 609 816 655 primo,
848 612 892 643 ut
922 606 1073 642 dictum
1104 612 1177 642 est.
1233 619 1282 642 ex
1313 606 1426 657 Syria

253 674 356 697 nunc
380 661 452 697 hoc
476 663 648 696 maxime
671 663 909 709 inponatur,
933 659 1110 696 deterius
1135 658 1332 704 Parthico,
1355 661 1425 697 sed

254 714 414 751 Medico
433 714 586 757 melius,
607 716 784 750 extincto
803 715 908 749 omni
929 713 1159 763 Cyrenaico,
1178 719 1223 749 ut
1241 714 1424 751 diximus.

252 781 342 804 usus
384 767 512 817 silphii
560 770 600 803 in
643 767 839 803 medicina
882 766 1064 803 foliorum
1107 766 1157 802 ad
1200 767 1427 817 purgandas

251 821 384 857 vulvas
404 821 689 870 pellendosque
710 826 910 857 emortuos
930 826 1090 869 partus3
1123 820 1368 857 decocuntur
1386 823 1427 857 in

252 877 340 911 vino
361 874 450 911 albo
472 880 513 911 et
534 874 714 917 odorato,
735 879 779 910 ut
800 874 961 910 bibatur
980 886 1166 910 mensura
1186 874 1385 911 acetabuli
1405 888 1428 911 a

252 928 428 964 balineis.
484 928 595 964 radix
641 927 803 977 prodest
849 929 1002 963 arteriis
1048 930 1307 976 exasperatis,
1352 927 1428 965 col-

253 982 487 1018 lectionibus
518 983 719 1031 sanguinis
751 980 940 1017 inlinitur.
994 980 1065 1017 sed
1095 982 1135 1016 in
1165 981 1260 1017 cibis
1291 994 1429 1018 conco-

252 1037 388 1084 quitur
427 1047 569 1084 aegre3
623 1034 846 1071 inflationes
886 1033 982 1070 facit
1022 1039 1064 1070 et
1102 1040 1251 1078 ructus,
1290 1037 1428 1072 urinae

252 1101 410 1138 quoque
440 1090 571 1131 noxia,
601 1088 823 1138 suggillatis
852 1101 943 1124 cum
971 1089 1061 1124 vino
1091 1092 1133 1124 et
1161 1087 1248 1124 oleo
1277 1090 1428 1125 amicis-

252 1145 349 1178 sima
375 1147 415 1178 et
439 1155 528 1178 cum
552 1154 643 1177 cera
666 1144 838 1178 strumis.
893 1153 1082 1177 verrucae
1105 1141 1209 1178 sedis
1232 1142 1428 1179 crebriore

253 1198 336 1231 eius
358 1196 490 1232 suffitu
513 1195 674 1231 cadunt.

303 1249 449 1285 XLIX.
481 1248 603 1285 Laser
646 1261 667 1284 e
710 1247 850 1297 silphio
894 1247 1092 1297 profluens
1136 1261 1214 1297 quo
1256 1248 1428 1286 diximus

252 1303 369 1339 modo
397 1305 502 1338 inter
529 1304 674 1338 eximia
701 1307 869 1338 naturae
897 1301 1001 1338 dona
1028 1307 1282 1338 numeratum
1309 1302 1428 1351 pluri-

252 1359 324 1392 mis
350 1357 700 1405 compositionibus
726 1357 925 1398 inseritur‚
951 1368 1022 1404 per
1046 1367 1087 1391 se
1114 1361 1250 1392 autem
1275 1356 1426 1406 algores

253 1409 475 1452 excalfacit,
498 1415 637 1458 potum
661 1422 871 1445 nervorum
892 1411 988 1445 vitia
1010 1414 1217 1445 extenuat.
1272 1408 1427 1446 feminis

252 1463 372 1499 datur
392 1465 431 1499 in
452 1465 555 1506 vino,
577 1468 619 1499 et
639 1462 737 1499 lanis
757 1461 940 1499 mollibus
961 1461 1197 1499 admovetur
1217 1462 1356 1499 vulvae
1377 1463 1428 1500 ad

301 1582 314 1595 ‘¹
338 1577 510 1617 Perhaps:
550 1577 569 1589 “
585 1576 704 1607 knives
729 1575 811 1606 with
836 1575 954 1606 amber
979 1575 1155 1612 handles,''
1180 1576 1258 1607 that
1283 1577 1321 1612 is,
1348 1576 1428 1607 with

256 1620 430 1650 luxurious
442 1619 510 1650 and
521 1620 704 1660 expensive
716 1620 950 1649 instruments.
997 1619 1030 1649 It
1042 1629 1150 1649 seems
1162 1629 1254 1650 more
1266 1619 1429 1660 probable

257 1664 336 1693 that
350 1663 409 1693 the
424 1662 542 1693 amber
556 1672 624 1692 was
638 1661 809 1702 supposed
824 1665 885 1692 not
901 1665 937 1692 to
952 1661 1039 1702 spoil
1053 1661 1111 1692 the
1127 1661 1271 1692 delicate
1285 1662 1427 1699 flavour,

256 1716 293 1736 or
308 1716 393 1735 even
409 1711 446 1735 to
463 1705 504 1736 be
519 1716 538 1735 a
555 1715 671 1735 means
687 1705 726 1735 of
737 1704 911 1745 detecting
925 1704 990 1734 less
1005 1704 1171 1735 desirable
1186 1705 1384 1745 specimens.

299 1745 311 1765 ὁ
334 1747 458 1786 Nearly
495 1747 698 1787 everything
740 1746 840 1787 Pliny
876 1756 954 1786 says
990 1746 1097 1777 about
1137 1747 1324 1778 ‘coadstools
1359 1747 1426 1778 and

255 1792 438 1831 poisonous
460 1790 555 1830 fungi
577 1791 604 1820 is
627 1789 718 1826 false,
742 1789 810 1820 and
836 1789 888 1820 his
909 1789 1027 1820 advice
1049 1789 1159 1820 would
1186 1789 1259 1820 lead
1285 1793 1322 1821 to
1344 1789 1426 1821 fatal

255 1833 374 1864 results
390 1832 418 1863 if
429 1832 592 1864 followed.

300 1881 311 1894 ⁶
334 1876 499 1915 silphium
538 1886 605 1906 was
643 1874 809 1915 probably
847 1873 966 1906 Fer-ala
1004 1873 1164 1913 linqitana
1200 1875 1269 1906 and
1305 1874 1425 1907 Ferula

250 1919 459 1956 marmarica,
477 1919 539 1950 but
557 1919 598 1949 cf.
617 1918 691 1950 Vol.
708 1927 771 1949 vn.
789 1917 898 1949 Index
914 1918 952 1949 of
964 1917 1094 1949 Plants.

293 1962 306 1981 ‘²
331 1963 392 1993 See
410 1962 510 1993 XIX.
530 1964 544 2001 ξ
561 1964 614 1993 41.

289 2010 301 2024 ⁶
329 2006 390 2037 See
408 2005 509 2036 XIX.
527 2007 542 2045 ξ
559 2006 611 2036 39.

252 2068 323 2114 364
