1469 2299
62 1183 123 1214 223

359 88 553 126 PLINY:
598 89 858 127 NATURAL
893 90 1127 127 HISTORY

154 205 290 242 panos,
331 191 556 228 furunculos
597 194 845 241 incipientes,
886 192 1050 229 duritias
1091 206 1228 230 omnes
1268 195 1330 231 vel

153 260 265 290 cocto
297 253 358 291 vel
389 253 509 290 crudo
540 253 693 290 utiliter
724 253 832 289 inlini
864 256 1035 302 putavit,
1067 256 1164 290 item
1196 258 1328 305 ignem

153 329 306 351 sacrum
334 329 423 352 cum
451 314 583 358 melle,
612 321 740 359 aceto,
768 317 885 358 nitro,
914 315 1094 352 similiter
1121 316 1328 367 podagras.

152 390 305 427 ungues
334 377 489 413 scabros
517 376 730 413 detrahere
757 376 901 413 dicitur
928 379 1011 413 sine
1041 377 1183 414 ulcere.
1237 385 1329 416 sunt

152 441 217 488 qui
256 445 296 475 et
331 439 468 475 morbo
504 441 612 488 regio
647 438 745 475 dent
780 451 918 475 semen
954 441 1036 475 eius
1071 452 1161 475 cum
1196 440 1329 484 melle,

153 503 317 537 arterias
351 506 392 536 et
423 500 599 536 tonsillas
633 502 736 536 nitro
768 499 905 536 addito
937 499 1166 549 perfricent,
1199 501 1329 538 alvum

152 568 353 605 moveant,
369 568 480 598 cocto
496 561 558 598 vel
573 575 645 611 per
659 575 701 598 se
716 561 779 598 vel
794 575 883 598 cum
898 561 1027 598 malva
1043 568 1113 598 aut
1128 562 1327 600 lenticula.

152 626 353 660 concitant
382 624 452 660 et1
481 626 728 660 vomitiones.
783 623 951 660 silvestri
979 623 1139 673 capillos
1168 627 1330 674 tingunt

154 691 193 721 et
222 686 271 721 ad
300 698 417 734 supra
445 687 590 734 scripta
618 691 797 721 utuntur.

204 747 423 783 LXXXIV.
453 747 486 783 E
515 749 711 783 contrario
741 749 781 782 in
808 749 962 797 magnis
991 746 1173 784 laudibus
1201 749 1329 786 malva

153 814 212 844 est
256 815 425 858 utraque
468 814 509 845 et
552 811 678 845 sativa
721 814 763 845 et
805 808 1005 845 silvestris.
1060 809 1139 845 duo
1180 823 1329 860 genera

152 871 316 907 earum2
357 870 619 919 amplitudine
658 869 739 906 folii
792 870 1081 907 discernuntur.
1136 874 1327 908 maiorem

152 932 293 968 Graeci
319 932 503 980 malopen
527 938 669 969 vocant
695 934 734 967 in
758 934 905 977 sativis,
932 932 1100 968 alteram
1129 933 1180 969 ab
1210 933 1329 970 emol-

152 993 282 1030 liendo
317 1000 456 1030 ventre
492 994 640 1030 dictam
675 999 821 1043 putant
855 993 1075 1030 malachen.
1131 1000 1174 1031 at
1210 1008 1232 1031 e
1266 995 1328 1032 sil—

151 1057 360 1099 vestribus,
379 1058 440 1092 cui
461 1055 612 1105 grande
632 1055 768 1092 folium
789 1061 829 1092 et
849 1055 1001 1092 radices
1021 1055 1149 1099 albae,
1169 1055 1328 1094 althaea

152 1123 327 1161 vocatur,
353 1118 402 1154 ab
430 1117 667 1154 excellentia
694 1117 856 1154 effectus
883 1130 905 1153 a
931 1117 1169 1167 quibusdam
1193 1118 1329 1168 plisto-

150 1178 288 1215 lochia.
344 1192 461 1216 omne
512 1179 637 1216 solum
688 1181 728 1215 in
778 1192 857 1229 quo
907 1185 1093 1216 seruntur
1142 1182 1327 1230 pinguius

150 1240 315 1285 faciunt,
338 1247 474 1277 contra
497 1254 633 1277 omnes
656 1241 856 1278 aculeatos
879 1243 979 1277 ictus
1004 1241 1194 1285 efficaces,
1215 1255 1329 1292 prae-

150 1305 265 1352 cipue
297 1305 560 1352 scorpionum,
593 1316 803 1352 vesparum
835 1303 1101 1352 similiumque
1134 1309 1176 1340 et
1207 1307 1327 1341 muris

150 1367 296 1401 aranei.
351 1367 446 1414 quin
492 1371 533 1401 et
577 1367 673 1401 trita
709 1378 799 1401 cum
844 1364 931 1401 oleo
975 1364 1154 1414 qualibet
1192 1378 1326 1402 earum

149 1429 331 1475 peruncti
351 1432 446 1463 ante
465 1426 527 1462 vel
546 1425 741 1463 habentes
762 1439 828 1463 eas
848 1440 926 1463 non
945 1425 1152 1463 feriuntur.
1190 1426 1327 1464 folium

150 1490 365 1537 inpositum
394 1489 662 1537 scorpionibus
691 1494 893 1537 torporem
923 1487 1066 1525 adfert.
1121 1488 1255 1525 valent
1285 1495 1326 1526 et

149 1555 287 1586 contra
318 1549 495 1599 psimithi
528 1562 694 1586 venena.
750 1549 905 1586 aculeos
939 1563 1075 1586 omnes
1109 1549 1326 1588 extrahunt

150 1611 287 1647 inlitae
314 1611 459 1648 crudae
486 1624 575 1648 cum
602 1610 845 1661 aphronitro,
871 1616 992 1660 potae
1018 1624 1110 1648 vero
1136 1611 1326 1649 decoctae

149 1685 238 1709 cum
265 1673 397 1710 radice
424 1686 495 1710 sua
522 1672 664 1722 leporis
692 1675 831 1709 marini
861 1685 1058 1709 venenum
1085 1675 1325 1723 restingunt,

311 1775 323 1794 ¹
347 1776 523 1806 concitant
544 1779 579 1806 et
602 1775 759 1816 Mayhoff
770 1787 776 1806 ε
812 1776 1025 1806 concitantes
1046 1775 1136 1806 codd.

310 1818 322 1837 ²
346 1827 462 1848 earum
482 1816 570 1848 codd.
587 1829 594 1849 ε
627 1817 806 1848 ambarum
826 1816 909 1848 coni.
937 1817 1167 1857 Warminqton.

193 1917 207 1932 ⁰
230 1912 320 1943 That
336 1913 374 1949 is,
392 1922 429 1943 as
444 1911 503 1943 the
520 1911 690 1952 following
706 1914 883 1943 sentences
898 1911 1001 1948 show,
1019 1912 1054 1943 of
1068 1912 1150 1943 each
1165 1912 1204 1943 of
1215 1912 1322 1944 them.

197 1955 209 1975 θ
233 1956 253 1968 “
266 1955 457 1987 Plurimum
472 1955 638 1987 adiuvans
653 1965 833 1995 puerperas
847 1955 867 1967 ”
885 1954 1104 1996 (Forcellini).

154 2017 221 2053 128
