1469 2299
141 212 177 242 16

141 622 175 651 17

143 1091 177 1121 18

409 102 601 139 PLINY:
648 102 908 140 NATURAL
943 102 1176 139 HISTORY

203 219 351 256 genera
377 208 458 241 eius
485 208 604 242 nostri
637 205 767 241 fecere
797 204 1054 241 celeberrima
1080 203 1379 242 Praenestinam

205 271 245 301 et
263 265 518 314 Campanam.
575 263 764 300 addidere
782 263 844 299 alii
865 263 1078 306 Milesiam,
1095 267 1155 299 cui
1174 266 1222 300 sit
1242 264 1380 300 arden-

205 326 376 359 tissimus
406 322 510 359 colos
538 336 615 358 non
642 322 880 358 excedentil
909 322 1093 358 duodena
1122 321 1228 364 folia,
1253 325 1380 371 proxi-

205 396 309 417 mam
352 384 386 417 ei
427 380 677 417 Trachiniam
718 383 846 416 minus
890 381 1114 423 rubentem,
1156 394 1245 417 mox
1289 381 1380 417 Ala-

204 440 410 476 bandicam
457 440 644 482 viliorem,
690 438 952 475 albicantibus
996 438 1110 482 foliis,
1155 439 1380 475 vilissimam

204 512 295 535 vero
315 499 503 547 plurimis,
524 498 593 534 sed
613 499 899 539 minutissimis,
919 497 1138 546 spiniolam.
1194 497 1381 535 differunt

205 560 309 594 enim
330 557 586 593 multitudine
608 555 802 599 foliorum,
819 558 1051 605 asperitate,
1072 555 1217 599 levore,
1237 556 1380 600 colore,

204 616 336 652 odore.
393 618 627 665 paucissima
659 618 778 663 quina
810 613 915 658 folia,
948 628 992 650 ac
1024 614 1168 651 deinde
1200 628 1380 652 numero-

204 678 317 717 siora,
345 688 433 711 cuin
463 677 510 711 sit
540 687 665 724 genus
695 676 777 709 eius
805 686 924 722 quam
953 673 1196 709 centifoliam
1223 680 1381 718 vocant,

204 747 306 782 quac
339 740 398 770 est
430 736 467 769 in
499 733 717 782 Campania
749 732 904 775 Italiae,
936 732 1127 768 Graeciae
1159 745 1250 769 vero
1280 735 1381 769 circa

205 791 418 841 Philippos,
447 792 515 828 sed
547 793 597 827 ibi
629 804 706 827 non
735 803 829 827 suae
858 796 989 826 terrae
1018 797 1225 839 proventu.
1281 790 1382 827 Pan-

204 864 326 898 gacus
351 864 462 886 mons
487 853 525 886 in
551 853 676 885 vicino
701 849 777 885 fert
803 851 1020 885 numerosis
1046 848 1145 885 foliis
1171 863 1215 886 ac
1239 852 1382 899 parvis,

204 910 359 945 accolae
383 908 670 945 transferentes
694 913 921 951 conserunt,
945 910 1109 957 ipsaque
1133 908 1381 957 plantatione

205 968 424 1017 proficiunt.
481 981 558 1003 non
593 973 729 1003 autem
765 966 854 1002 talis
890 967 1164 1003 odoratissima
1200 974 1273 1011 est,
1309 981 1381 1004 nec

204 1030 264 1063 cui
296 1027 529 1063 latissimum
560 1028 828 1062 maximumve
862 1025 1012 1069 folium,
1042 1026 1296 1075 breviterque
1326 1029 1381 1062 in-

204 1086 349 1121 dicium
381 1091 441 1121 est
471 1085 598 1121 odoris
629 1084 814 1120 scabritia
840 1086 1006 1120 corticis.
1062 1084 1209 1134 Caepio
1234 1085 1380 1122 Tiberii

204 1144 381 1180 Caesaris
415 1146 637 1193 principatu
675 1145 835 1192 negavit
870 1142 1113 1179 centifoliam
1146 1146 1186 1179 in
1219 1157 1380 1180 coronas

203 1203 308 1246 addi,
336 1208 618 1252 praeterquam
647 1208 847 1238 extremas
875 1201 983 1238 velut
1011 1201 1061 1238 ad
1088 1202 1281 1246 cardines,
1308 1216 1381 1239 nec

203 1262 322 1298 odore
353 1274 425 1297 nec
455 1263 586 1310 specie
616 1260 874 1310 probabilem.
931 1267 991 1297 est
1023 1266 1064 1297 et
1094 1274 1196 1310 quae
1227 1261 1381 1298 Graeca

203 1320 426 1369 appellatur
456 1334 478 1356 a
507 1322 663 1363 nostris,
694 1333 716 1355 a
746 1318 906 1355 Graecis
936 1318 1101 1368 lychnis,
1131 1333 1209 1356 non
1239 1322 1310 1356 nisi
1343 1323 1380 1356 in

205 1379 344 1415 umidis
394 1379 484 1415 locis
531 1380 779 1427 proveniens,
826 1390 899 1414 nec
945 1391 1135 1427 umquam
1183 1379 1379 1415 excedens

203 1440 378 1487 quinque
410 1437 516 1481 folia,
549 1437 755 1486 violaeque
786 1437 1076 1486 magnitudine,
1108 1437 1227 1474 odore
1260 1438 1377 1474 nullo.

204 1503 263 1533 est
296 1503 335 1533 et
369 1496 444 1532 alia
476 1495 670 1532 Graecula
702 1495 917 1544 appellata,
948 1495 1165 1532 convolutis
1198 1495 1377 1532 foliorum

203 1555 406 1604 paniculis,
428 1568 500 1592 nec
520 1554 727 1591 dehiscens
749 1556 820 1590 nisi
845 1567 965 1590 manu
985 1561 1122 1591 coacta
1143 1568 1379 1604 semperque

242 1626 254 1672 ¹.
279 1624 460 1655 excedenti
479 1624 585 1655 Hard.
601 1628 628 1654 eb
647 1623 827 1663 Dellesscn:
852 1623 1051 1654 excedentis
1069 1622 1158 1653 codd.
1174 1626 1201 1653 et
1219 1622 1383 1663 Mayhoss,

197 1678 253 1707 qui
273 1669 369 1698 cuius
384 1678 446 1707 pro
463 1668 517 1698 cui
534 1668 578 1698 sit
598 1667 682 1697 coni.

241 1770 255 1784 ‘¹
279 1765 452 1805 Probably
480 1765 549 1795 this
576 1765 679 1795 refers
706 1768 742 1795 to
769 1765 827 1795 the
854 1764 999 1794 number
1025 1764 1062 1794 of
1085 1763 1230 1804 priekles
1257 1774 1299 1794 on
1327 1764 1385 1794 the

198 1809 317 1845 stallm,
335 1808 500 1847 although
517 1808 670 1838 scabriria
688 1809 716 1838 is
734 1807 867 1847 usually
885 1807 1069 1843 roughness
1086 1807 1122 1836 of
1137 1818 1157 1836 a
1175 1807 1237 1837 less
1254 1806 1385 1846 prickly

198 1856 292 1892 type,
310 1851 377 1882 and
396 1855 499 1881 cortex
516 1852 549 1881 in
568 1852 581 1889 ‚Q
604 1853 640 1881 14
659 1851 724 1880 and
744 1852 776 1880 in
796 1852 809 1889 ς’
828 1852 869 1880 20
886 1851 914 1880 is
931 1851 989 1880 the
1007 1854 1105 1880 outcr
1122 1849 1196 1880 skin
1215 1849 1384 1890 enclosing

199 1895 257 1926 the
275 1894 382 1925 whole
403 1894 482 1924 butl.
531 1894 591 1925 See
610 1894 681 1923 also
700 1895 714 1931 ξ
736 1895 806 1924 121.

242 1938 256 1958 b
281 1938 558 1977 Rose-campion,
572 1936 715 1976 Lyclmis
728 1936 909 1967 coronaria.

202 2010 265 2044 172
