1469 2299
97 286 158 316 ‘255

98 579 159 609 256

389 60 583 97 PLINY:
629 59 889 97 NATURAL
923 58 1157 97 HISTORY

186 163 259 199 fit1
290 168 331 199 et
361 176 383 199 e
412 165 563 200 semine
592 164 743 198 recenti
774 167 815 198 et
845 174 868 198 e
894 161 1091 198 radicibus
1120 163 1246 210 prima
1274 173 1360 210 ger-

186 223 404 258 minatione
424 223 566 258 incisis.

235 279 376 316 XCVI.
407 280 480 317 Est
502 282 542 316 in
564 279 638 316 hoc
659 291 808 329 genere
831 284 873 315 et
895 277 1074 315 silvestre
1097 277 1203 327 quod
1224 276 1361 326 hippo-

184 338 425 382 marathum,
454 338 519 374 alii
548 340 792 388 myrsineum
820 342 976 380 vocant,
1007 336 1107 373 foliis
1136 336 1361 378 maioribus,

185 404 304 447 gustu
335 400 497 441 acriore,
526 398 740 446 procerius,
769 396 898 432 baculi
928 395 1202 438 crassitudine,
1232 394 1363 431 radice

185 456 365 493 candida.
421 458 595 492 nascitur
622 458 661 491 in
689 454 823 491 calidis
852 460 893 491 et
920 456 1080 491 saxosis.
1137 453 1294 490 Diocles
1323 459 1363 489 et

187 515 292 552 aliud
316 513 610 564 hippomarathi
634 527 760 564 genus
784 513 964 556 tradidit,
987 512 1105 562 longo
1130 518 1170 548 et
1195 517 1364 562 angusto

188 573 293 618 folio,
337 576 487 610 semine
530 573 736 609 coriandri.
792 572 1012 608 medicinae
1061 573 1100 607 in
1147 573 1272 608 sativo
1315 570 1364 607 ad

188 635 435 682 scorpionum
458 635 558 669 ictus
582 638 623 668 et
645 633 892 681 serpentium
913 632 1064 667 semine
1086 632 1124 666 in
1146 632 1236 666 vino
1256 635 1363 679 poto.

189 705 302 728 sucus
343 698 384 728 et
425 692 583 727 auribus
624 690 838 727 instillatur
877 688 1189 738 vermiculosque
1229 690 1269 724 in
1307 687 1366 724 his

188 757 317 787 necat.
373 752 501 800 ipsum
526 750 789 786 condimentis
813 761 936 798 prope
961 748 1142 784 omnibus
1167 749 1366 790 inseritur,

188 811 371 859 oxyporis
411 811 532 845 etiam
578 810 794 857 aptissime.
848 809 944 856 quin
989 812 1030 843 et
1075 808 1186 855 panis
1227 808 1366 842 crustis

189 868 382 904 subditur.
438 881 575 904 semen
602 865 851 903 stomachum
878 865 1114 902 dissolutum
1141 865 1366 914 adstringit,

189 927 251 962 vel
281 929 320 963 in
350 926 526 963 febribus
557 932 775 975 sumptum,
805 927 985 961 nausiam
1016 937 1064 960 ex
1095 937 1198 973 aqua
1228 925 1366 960 tritum

190 986 318 1029 sedat,
366 985 617 1035 pulmonibus
667 990 707 1021 et
755 983 990 1020 iocineribus
1037 982 1366 1019 laudatissimum.

191 1051 372 1081 ventrem
397 1046 514 1088 sistit,
539 1057 628 1080 cum
653 1043 807 1080 modice
831 1044 1013 1085 sumitur,
1037 1043 1191 1078 urinam
1215 1042 1294 1078 ciet
1318 1040 1369 1077 ad

191 1106 361 1140 tormina
406 1104 578 1153 potum‚²
618 1102 828 1139 decoctum
872 1101 985 1138 lactis
1023 1099 1186 1138 defectu
1229 1105 1370 1149 potum

157 1175 159 1179 ’
191 1175 383 1198 mammas
420 1162 562 1211 replet.
617 1161 728 1198 radix
767 1174 857 1197 cum
892 1162 1023 1197 tisana
1059 1164 1219 1208 sumpta
1255 1171 1369 1195 renes

191 1227 351 1271 purgat,
365 1224 446 1257 sive
459 1221 649 1257 decoctae
662 1234 754 1257 suco
768 1233 858 1256 cum
870 1221 961 1256 vino
974 1218 1165 1268 sumpto.³
1208 1217 1370 1267 prodest

193 1287 233 1317 et
250 1279 474 1330 hydropicis
494 1280 606 1316 radix
628 1292 677 1316 ex
698 1281 788 1315 vino
810 1284 920 1328 pota,
935 1281 1034 1314 item
1055 1276 1259 1314 convulsis.
1314 1279 1370 1312 in-

192 1338 369 1375 linuntur
381 1338 474 1376 folia
487 1339 708 1375 tumoribus
724 1337 955 1374 ardentibus
970 1337 985 1360 4
999 1349 1047 1373 ex
1062 1341 1191 1379 aceto,
1203 1334 1371 1372 calculos

191 1400 345 1434 vesicae
395 1397 560 1447 pellunt.
616 1400 825 1448 geniturae
876 1395 1162 1432 abundantiam
1213 1406 1371 1443 quoquo

192 1457 310 1493 modo
338 1456 526 1493 haustum
555 1455 665 1500 facit,
688 1455 870 1492 verendis
900 1456 1192 1497 amicissimum,
1217 1455 1298 1490 sive
1322 1452 1372 1489 ad

193 1514 408 1552 fovendum
429 1515 561 1552 radice
582 1528 673 1551 cum
694 1516 784 1551 vino
805 1514 971 1550 decocta
992 1515 1074 1550 sive
1095 1514 1311 1549 contritum
1332 1513 1372 1547 in

239 1594 252 1612 ¹
274 1594 354 1626 Post
365 1594 403 1624 fit
421 1594 496 1625 slifft.
516 1592 681 1633 JInyhoff,
695 1593 752 1633 qni
768 1603 843 1623 cum
859 1592 949 1623 codd.
967 1590 1006 1622 fit
1024 1595 1096 1631 post
1110 1590 1240 1622 recenti
1256 1594 1371 1621 sensae.

241 1636 253 1655 ²
277 1641 398 1678 potum
417 1636 536 1677 Silliq:
560 1639 644 1676 potu
665 1635 805 1671 Urlichs,
822 1633 992 1674 Mayhoff:
1017 1637 1132 1665 totum
1151 1633 1240 1664 codd.

242 1678 255 1697 ³
278 1681 350 1711 sive
369 1680 531 1710 decoctae
551 1689 631 1710 suco
652 1689 729 1709 cum
751 1679 831 1709 vino
851 1682 990 1718 sumpt-o
1009 1687 1087 1717 eqo:
1120 1677 1192 1707 sive
1211 1675 1372 1706 decoctae

196 1732 276 1753 suco
295 1733 336 1753 ex
354 1724 434 1753 vino
452 1727 592 1763 sumpto
611 1721 768 1762 „llayhoff
779 1733 786 1752 ε
817 1722 889 1751 sive
906 1720 1039 1751 decocti
1056 1729 1138 1750 suco
1154 1720 1226 1749 sive
1244 1718 1371 1749 semine

196 1770 335 1806 sumpto
355 1775 430 1796 cum
449 1766 539 1796 codd.
561 1764 738 1805 Detlefsen.
777 1764 826 1795 De
838 1764 909 1794 sive
925 1762 1022 1794 semel
1037 1762 1143 1803 posito
1160 1760 1317 1802 Mayhofs
1329 1759 1371 1801 cs.

199 1807 293 1839 XVI.
315 1809 329 1839 l
348 1808 493 1848 aliosque
510 1808 605 1839 locos.

242 1850 254 1869 ⁴
278 1851 479 1882 ardentibus
505 1850 663 1890 Mayhoff
674 1862 680 1881 :
719 1849 862 1880 ardente
887 1849 1016 1879 Ianus:
1056 1847 1214 1878 ardentes
1239 1845 1329 1877 codd.

589 1931 604 1946 ⁰
627 1928 687 1959 See
704 1938 736 1968 p.
757 1927 827 1964 108,
845 1930 926 1958 note
940 1936 972 1957 a.

197 2002 264 2040 150
