1469 2299
381 109 574 146 PLINY:
620 109 880 146 NATURAL
914 108 1148 146 HISTORY

177 210 405 261 hyacintho.
462 212 673 247 novissima
695 223 796 252 rosa,
820 210 1043 259 eademque
1069 213 1194 259 prima
1217 211 1352 247 deficit

177 270 349 313 excepta
375 266 516 307 sativa,
545 277 566 300 e
593 266 737 300 ceteris
766 263 1004 313 hyacinthus
1033 267 1206 300 maxime
1234 265 1353 300 durat

178 324 219 354 et
247 318 349 354 viola
377 317 467 353 alba
496 322 537 353 et
565 316 782 359 oenanthe,
810 317 880 353 sed
909 317 1007 352 haec
1035 320 1106 360 ita,
1133 320 1164 354 si
1193 317 1353 354 devolsa

177 372 314 407 crebro
336 370 595 420 prohibeatur
618 373 657 406 in
680 383 817 406 semen
841 373 910 406 ire.
966 373 1140 406 nascitur
1156 371 1170 394 1
1194 373 1233 406 in
1262 371 1353 407 locis

111 433 149 461 :315
177 425 335 473 tepidis.
392 424 488 460 odor
506 424 613 460 idem
633 426 669 460 ei
688 426 755 473 qui
774 425 1093 473 germinantibus
1113 427 1211 467 uvis,
1231 430 1354 473 atque

177 478 269 514 inde
298 491 455 514 nomen.
512 476 772 527 hyacinthum
799 480 1014 513 comitatur
1037 477 1173 513 fabula
1192 477 1354 526 duplex,

179 531 329 567 luctum
358 530 588 580 praeferens
616 534 700 566 eius
727 543 846 579 quem
876 531 1018 579 Apollo
1045 530 1256 573 dilexerat,
1285 537 1355 567 aut

180 598 227 620 ex
261 586 392 620 Aiacis
424 597 561 620 cruore
595 584 707 626 editi,
738 587 794 619 ita
825 584 1139 620 discurrentibus
1172 587 1279 620 venis
1312 590 1356 620 ut

180 638 422 674 Graecarum
449 638 673 673 litterarum
698 637 825 686 figura
846 637 902 673 AI
925 637 1084 686 legatur
1107 640 1354 686 inscriptum.

181 691 451 741 heliochrysus
467 691 603 727 florem
619 690 743 726 habet
758 704 854 726 auro
869 691 1052 734 similem,
1067 690 1203 727 folium
1218 696 1356 734 tenue,

179 745 415 781 cauliculum
443 757 602 793 quoque
628 744 817 793 gracilem
842 744 913 780 sed
938 744 1095 780 durum.
1150 743 1223 780 hoc
1249 758 1356 780 coro-

179 801 263 834 nari
278 799 291 821 ²
308 811 350 834 se
370 798 496 844 Magi,
513 801 542 834 si
564 804 605 834 et
622 803 830 847 unguenta
846 803 1054 834 sumantur
1071 810 1121 833 ex
1137 811 1233 834 auro
1250 797 1356 847 quod

181 865 333 901 apyron
354 858 511 894 vocant,
534 851 583 887 ad
605 854 776 901 gratiam
799 864 958 900 quoque
980 854 1086 887 vitae
1107 851 1356 900 gloriamque

181 908 383 955 pertinere
398 906 655 941 arbitrantur.
705 910 747 940 et
762 907 869 940 verni
887 904 1050 953 quidem
1065 904 1180 941 flores
1197 904 1235 940 hi
1250 910 1354 941 sunt.

113 965 150 993 157
231 959 419 995 XXXIX.
451 958 680 994 Succedunt
709 958 783 994 illis
814 960 968 1001 aestivi,
999 957 1150 1007 lychnis
1181 964 1223 994 et
1255 958 1357 994 Iovis

180 1011 250 1048 flos
271 1018 313 1048 et
334 1012 504 1048 alterum
526 1025 652 1059 genus
674 1011 755 1054 lilii,
773 1014 870 1047 item
891 1010 1066 1061 iphyonss
1089 1017 1131 1047 et
1152 1024 1357 1048 amaracus

181 1078 300 1114 quem
335 1064 551 1115 Phrygium
585 1067 881 1111 cognominant.
936 1064 1008 1101 sed
1039 1066 1214 1100 maxime
1246 1077 1356 1113 spec-

183 1119 312 1155 tabilis
345 1118 501 1168 pothos.
557 1118 635 1154 duo
668 1131 818 1167 genera
850 1117 988 1154 huius:
1035 1131 1160 1154 unum
1191 1120 1254 1154 cui
1287 1117 1356 1154 flos

183 1172 384 1222 hyacinthi
432 1178 507 1215 est,
553 1172 655 1208 alter
699 1171 891 1208 candidus
937 1173 1004 1220 qui
1051 1171 1135 1208 fere
1180 1174 1357 1208 nascitur

181 1225 375 1269 tunmlis‚4
413 1228 601 1274 quoniam
644 1224 784 1261 fortius
828 1224 959 1261 durat.
1015 1230 1057 1261 et
1094 1226 1160 1261 iris
1200 1231 1358 1261 aestate

182 1279 307 1315 floret.
371 1280 522 1315 abeunt
563 1285 604 1315 et
643 1278 682 1314 hi
722 1284 1064 1327 marcescuntque.
1121 1278 1185 1314 alii
1224 1291 1358 1315 rursus

183 1333 358 1369 subeunt
380 1339 596 1369 autumno:
632 1334 799 1368 tertium
820 1345 947 1381 genus
968 1331 1051 1375 lilii,
1074 1337 1116 1368 et
1137 1345 1295 1368 crocum
1317 1337 1359 1368 et

182 1389 299 1422 orsini
332 1392 503 1436 utraque
536 1399 700 1436 genera,
732 1399 855 1421 unum
887 1384 1025 1427 hebes,
1059 1385 1231 1421 alterum
1262 1385 1358 1422 odo-

229 1465 241 1483 1
264 1475 378 1495 semen
412 1465 468 1495 ire.
517 1465 668 1495 nascitur
702 1464 877 1504 ⁴¹‘'llaylzoff:
923 1464 955 1494 in
989 1464 1117 1494 semine
1149 1464 1290 1500 renasci,
1324 1464 1358 1494 in

190 1507 347 1547 Deilessen
365 1520 371 1537 :
402 1508 529 1537 semine
547 1512 604 1537 an!
621 1507 807 1537 seminibus
824 1507 1013 1537 renascitur
1030 1506 1119 1537 codd.

229 1550 241 1568 ²
265 1550 416 1580 coronari
437 1549 566 1580 Urlichs
580 1554 608 1580 et
624 1549 788 1590 Detlessen
801 1562 807 1580 :
834 1559 994 1580 coronare
1008 1558 1082 1580 cum
1094 1548 1257 1588 plerisque
1271 1547 1358 1580 codd.

186 1593 310 1627 fllatsho
341 1617 347 1623 .

229 1593 393 1676 ³'ip1gvon
424 1635 531 1676 Silliq,
565 1634 749 1676 Detlefsen:
795 1634 939 1676 tiphyon
971 1644 1046 1665 cum
1076 1634 1246 1665 nonnullis
1268 1633 1357 1665 codd.

186 1678 347 1719 Mayhoff.

229 1722 242 1741 ⁴
265 1722 407 1753 tumulis
429 1722 559 1752 Ianus:
595 1722 629 1752 in
650 1720 793 1752 tumulis
814 1720 905 1752 codd.

222 1797 235 1811 ¹¹
261 1793 440 1824 Oenanthe
458 1803 575 1823 means
593 1792 612 1803 “
628 1793 715 1823 wine
733 1792 880 1823 flower.''

223 1836 237 1856 ὓ
264 1836 408 1876 “Lamp
426 1835 574 1872 flower,''
594 1835 635 1866 cf.
654 1846 686 1876 p.
708 1836 780 1866 172.

224 1883 236 1898 ⁶
260 1879 306 1910 Or
320 1879 478 1919 tiphyon,
492 1878 777 1919 spike-lavender.
880 1877 894 1896 ‘²
920 1877 939 1889 “
954 1876 1164 1917 Yearning,”
1185 1876 1204 1888 “
1219 1876 1362 1907 desire.’'

221 1927 232 1940 ²
259 1922 316 1959 Or,
345 1922 485 1962 reading
513 1922 549 1952 in
577 1921 729 1953 tumulis:
773 1921 922 1962 “grown
949 1931 993 1952 on
1019 1930 1140 1961 graves
1167 1919 1310 1951 because
1336 1919 1365 1951 it

177 1965 206 1995 is
222 1965 369 2006 hardy.'’

178 2020 248 2055 208
