1469 2299
382 88 575 126 PLINY:
621 89 881 126 NATURAL
916 88 1149 126 HISTORY

181 190 376 239 expellit.l
430 192 531 226 viret
542 191 683 226 bruma
697 196 739 227 et
753 190 960 239 colligitur.
1016 193 1184 227 siccatur
1199 191 1350 234 umbra,

181 244 319 280 melius
354 245 476 280 etiam
510 243 686 280 hiberna.
741 257 903 280 carnosa
938 250 979 280 et
1014 244 1064 280 illi
1101 244 1210 280 radix
1247 247 1349 280 viva-

180 300 339 346 ciorque
381 310 499 346 quam
541 300 695 333 ceteris.
751 297 902 347 gaudet
942 297 1081 333 calcari
1124 304 1166 333 et
1206 298 1349 341 adteri,

181 350 465 399 pereundoque
500 350 639 386 melius
674 353 866 399 provenit.
922 351 1011 387 ideo
1046 354 1158 387 iuxta
1191 354 1352 387 semitas

181 417 225 439 ac
268 403 398 440 fontes
436 403 707 440 laetissimum.
775 403 951 439 Troianis
990 405 1235 453 temporibus
1274 407 1352 440 iam

181 463 267 493 erat
289 456 410 493 honos
433 459 479 493 ei.
535 456 604 493 hos
625 463 734 493 certe
755 457 869 493 flores
892 457 1087 494 Homerus
1109 461 1178 494 tris
1200 457 1351 500 laudat,

181 510 303 553 loton,
327 524 497 553 crocum,
522 510 792 560 hyacinthum.

114 570 154 599 35
231 563 382 600 XVIII.
413 564 601 600 Omnium
650 570 786 601 autem
834 563 1181 600 odoramentorum
1231 569 1352 613 atque

181 617 281 653 adeo
306 616 518 653 herbarum
544 616 768 653 differentia
793 623 855 653 est
879 619 917 652 in
943 617 1071 653 colore
1098 623 1140 653 et
1164 617 1284 653 odore
1311 623 1352 653 et

180 683 285 706 suco.
339 670 504 706 odorato
537 684 653 720 sapor
686 684 772 706 raro
806 670 872 706 ulli
907 684 984 706 non
1015 683 1184 710 amarus.
1214 683 1235 707 e
1265 684 1355 707 con-

181 726 303 760 trario
336 723 465 760 dulcia
497 737 584 759 raro
617 723 794 760 odorata.
849 726 985 772 itaque
1019 729 1061 760 et
1094 726 1183 760 vina
1216 726 1354 760 mustis

181 777 406 814 odoratiora
439 782 480 813 et
512 777 704 813 silvestria
737 779 862 826 magis
895 779 1027 813 omnia
1058 780 1204 813 sativis.
1259 790 1354 826 quo-

181 830 349 867 rundam
377 830 472 866 odor
498 833 652 867 suavior
680 844 701 866 e
728 830 957 880 longinquo,
983 833 1142 880 propius
1170 830 1354 867 admotus

116 890 156 920 3ss
184 883 414 926 hebetatur,
444 889 489 920 ut
512 884 650 920 violae.
706 897 791 920 rosa
817 896 953 920 recens
977 897 999 920 a
1023 883 1238 933 longinquo
1261 883 1356 926 olet,

182 940 283 973 sicca
315 940 487 986 propius.
542 939 668 974 omnis
700 943 836 974 autem
868 950 988 973 verno
1019 943 1201 986 tempore
1233 939 1357 973 aerior

183 996 225 1026 et
260 993 478 1027 matutinis.
534 991 727 1040 quidquid
763 990 813 1027 ad
847 990 1086 1027 meridianas
1121 990 1236 1027 horas
1272 990 1355 1027 dies

183 1046 325 1093 vergit,
360 1043 587 1080 hebetatur.
643 1044 798 1080 novella
832 1056 991 1093 quoque
1025 1046 1193 1080 vetustis
1227 1046 1356 1080 minus

182 1097 359 1134 odorata.
425 1100 637 1134 acerrimus
674 1103 812 1134 tamen
845 1097 941 1134 odor
977 1100 1153 1134 omnium
1191 1097 1356 1133 aetate2

182 1151 326 1187 media.
381 1164 468 1187 rosa
512 1156 553 1187 et
595 1164 751 1187 crocum
795 1150 1033 1193 odoratiora,
1075 1164 1164 1188 cum
1207 1152 1356 1187 serenis

183 1205 322 1241 diebus
343 1204 543 1253 leguntur,
565 1210 607 1240 et
626 1206 757 1240 omnia
777 1206 817 1240 in
836 1204 970 1241 calidis
992 1217 1111 1253 quam
1131 1206 1170 1240 in
1191 1203 1354 1253 frigidis.

182 1260 221 1293 in
243 1259 432 1307 Aegypto
453 1263 590 1294 tamen
611 1260 774 1294 minime
795 1257 948 1294 odorati
971 1256 1099 1301 flores,
1121 1260 1213 1307 quia
1234 1258 1356 1293 nebu-

116 1317 156 1346 :37
185 1311 287 1347 losus
314 1317 355 1347 et
380 1311 553 1347 roscidus
580 1324 647 1347 aer
672 1316 734 1347 est
758 1323 781 1347 a
804 1311 932 1348 multo
956 1311 1130 1347 flumine.
1186 1323 1356 1360 quorun-

183 1364 275 1401 dam
296 1367 481 1401 suavitati
501 1367 675 1414 gravitas
695 1367 811 1401 inest.
867 1364 1079 1414 quaedam,
1099 1364 1194 1401 dum
1214 1367 1356 1407 virent,

183 1431 262 1455 non
298 1418 407 1454 olent
444 1423 608 1468 propter
644 1431 824 1455 umorem
860 1420 1039 1462 nimium,
1076 1423 1123 1455 ut
1159 1418 1355 1461 buceras,³

234 1496 246 1515 ¹
269 1495 416 1536 folioque
447 1496 563 1526 florem
594 1495 733 1536 expellit
762 1495 850 1527 codd.
876 1495 1029 1536 plurimi.
1076 1495 1196 1527 Debuit
1225 1495 1359 1527 scribere

190 1539 323 1570 Plinius
343 1539 601 1578 Theophrastum
623 1543 750 1570 secutus
771 1538 920 1579 folioque
943 1538 1043 1569 simul
1066 1538 1182 1569 florem
1205 1538 1358 1569 extrudit

190 1582 235 1612 vel
260 1582 369 1613 simile
397 1582 533 1621 aliquid.
586 1582 809 1622 ll'arminqton
834 1583 918 1613 coni.
949 1581 1088 1622 expeUit
1116 1585 1151 1612 et
1179 1581 1356 1622 colligitur.

188 1626 334 1656 siccatur
349 1625 482 1662 umbra,
499 1625 619 1656 melius
634 1626 740 1656 etiam
756 1624 908 1656 hiberna.
956 1626 1043 1656 viret
1059 1625 1191 1656 bruma.

233 1668 244 1686 ²
268 1672 382 1698 aetate
402 1667 531 1699 Urlichs
545 1680 551 1699 :
581 1671 723 1705 aestate,
740 1671 826 1704 aete,
843 1671 878 1698 et
893 1678 911 1699 e
927 1667 1015 1698 codd.

232 1711 244 1730 ³
269 1711 409 1742 buceras
427 1722 466 1742 ez·
484 1711 705 1751 Theophrasto
728 1711 880 1742 Urlichs:
912 1711 1053 1742 buceros
1071 1710 1161 1742 codd.

229 1801 242 1815 ‘¹
265 1796 499 1827 Inconsistent
514 1796 596 1826 with
614 1796 744 1837 Pliny's
762 1796 1045 1831 mistranslation,
1063 1795 1126 1826 but
1144 1799 1206 1826 not
1223 1805 1260 1826 so
1276 1795 1358 1826 with

182 1838 446 1880 Theophrastus.
493 1838 760 1878 Warmington's
782 1838 997 1878 conjecture:
1031 1838 1051 1851 ‘⁴
1066 1838 1190 1878 pushes
1211 1838 1261 1869 off
1282 1862 1289 1869 .
1316 1862 1323 1869 .
1349 1862 1356 1869 .

183 1882 250 1913 and
260 1882 286 1912 is
295 1882 469 1921 gathered.
516 1881 549 1912 It.
560 1882 586 1912 is
597 1881 692 1912 dried
704 1882 738 1912 in
750 1881 809 1912 the
820 1881 924 1912 shade
936 1894 944 1918 ;
961 1880 990 1912 if
996 1881 1029 1911 in
1043 1880 1201 1918 winter's,
1212 1890 1249 1911 so
1260 1880 1360 1912 much

184 1925 243 1955 the
258 1924 379 1957 better.
425 1925 460 1955 It
474 1925 501 1955 is
514 1934 614 1964 green
629 1928 666 1956 at
681 1924 740 1956 the
754 1925 874 1956 winter
887 1922 1054 1956 solstiee.’‘

228 1968 243 1988 b
265 1967 356 2000 Iliad
378 1967 473 1999 XIV.
491 1968 566 2000 348.

188 2018 256 2056 186
