1469 2299
110 491 164 522 109

106 977 164 1007 110

105 1533 159 1563 111

399 105 591 142 PLINY:
637 105 897 143 NATURAL
931 104 1164 142 HISTORY

193 211 328 257 spinae
350 208 546 244 doloribus
570 210 929 256 intestinorumque
951 210 1054 243 vitiis
1076 214 1254 256 prosunt,
1277 210 1365 244 vino

194 291 280 313 cum
321 283 540 327 coquantur
578 276 726 312 addito.
782 276 830 312 ad
871 276 1092 313 lumborum
1133 282 1174 313 et
1212 279 1363 313 renium

195 347 347 383 dolores
372 359 506 383 semen
531 346 734 382 obolorum
757 348 877 382 trium
902 346 1090 394 pondere,
1114 348 1197 395 pari
1221 348 1364 382 cumini

196 417 353 452 bibitur.
410 428 595 452 venerem
613 415 832 458 stimulant,
850 417 1003 451 urinam
1022 417 1127 451 cient
1146 415 1366 459 utilissime,

192 492 470 534 praeterquam
485 487 611 521 vesica
627 484 866 520 exulcerata.
916 484 1026 520 radix
1043 485 1056 507 1
1077 497 1235 533 quoque
1249 485 1365 534 pluri·

193 569 344 591 morum
388 554 683 604 praedicatione
721 556 816 590 trita
855 560 894 590 et
939 556 976 589 in
1014 556 1102 589 vino
1141 554 1229 590 albo
1272 560 1366 603 pota

195 624 362 661 calculos
407 638 565 673 quoque
612 624 814 667 exturbat,
861 623 1081 659 lumborum
1128 629 1169 659 et
1213 626 1365 660 renium

193 694 346 730 dolores
375 694 500 730 sedat.
557 693 718 743 quidam
747 699 788 729 et
817 693 866 729 ad
895 692 1034 729 vulvae
1062 692 1236 729 dolorem
1267 693 1363 730 radi-

192 776 277 799 cem
317 777 404 799 cum
445 765 533 799 vino
572 762 674 799 dulci
714 764 938 812 propinant.
995 762 1134 798 eadem
1176 764 1214 798 in
1253 768 1366 800 aceto

192 833 356 869 decocta
407 838 543 868 contra
598 831 900 881 elephantiasim
954 831 1118 880 proficit.
1175 845 1366 882 asparago

194 905 288 938 trito
315 915 361 937 ex
389 902 475 938 oleo
501 907 737 951 perunctum
763 903 884 951 pungi
912 901 961 937 ab
987 901 1125 950 apibus
1152 907 1313 950 negant.

242 971 392 1007 XLIII.
422 971 650 1007 Silvestrem
697 984 933 1020 asparagum
980 970 1096 1019 aliqui
1145 971 1365 1014 corrudam,

191 1041 308 1090 aliqui
342 1041 534 1091 Libycum
567 1046 721 1084 vocant,
752 1041 875 1077 Attici
909 1042 1115 1076 orminum.
1171 1039 1284 1076 huius
1315 1040 1363 1077 ad

193 1124 308 1159 supra
333 1110 438 1147 dicta
463 1113 593 1146 omnia
618 1110 808 1146 efficacior
832 1111 901 1153 vis,
927 1115 967 1146 et
991 1109 1205 1146 candidiori
1230 1112 1362 1149 maior.

193 1181 372 1216 morbum
409 1182 558 1229 regium
595 1185 828 1216 extenuant.
884 1181 1036 1215 veneris
1069 1192 1188 1216 causa
1221 1193 1364 1229 aquam

192 1263 327 1286 eorum
352 1249 557 1286 decoctam
582 1249 661 1286 bibi
688 1250 825 1285 iubent
851 1248 901 1285 ad
925 1247 1137 1285 heminam.
1193 1249 1299 1285 idem
1324 1255 1364 1286 et

192 1332 329 1356 semen
373 1319 477 1355 valet
520 1332 608 1355 cum
653 1325 772 1355 aneto
814 1320 937 1355 ternis
980 1320 1186 1368 utriusque
1229 1318 1362 1356 obolis.

192 1389 310 1425 datur
334 1394 374 1425 et
398 1388 447 1424 ad
471 1390 715 1437 serpentium
740 1390 839 1424 ictus
863 1401 976 1424 sucus
1001 1387 1198 1424 decoctus.
1254 1388 1362 1425 radix

189 1460 377 1494 miscetur
408 1458 524 1494 radici
558 1456 746 1494 marathri
778 1460 881 1494 inter
911 1457 1175 1494 efficacissima
1207 1457 1361 1494 auxilia.

189 1530 220 1565 si
240 1530 398 1577 sanguis
418 1540 489 1577 per
508 1529 660 1563 urinam
681 1526 885 1571 reddatur,
905 1540 1041 1563 semen
1062 1533 1102 1563 et
1123 1529 1301 1577 asparagi
1323 1534 1362 1564 et

193 1600 269 1647 apii
300 1604 340 1634 et
370 1599 515 1633 cumini
545 1598 667 1633 ternis
697 1596 819 1633 obolis
849 1598 889 1632 in
917 1599 995 1632 vini
1029 1596 1181 1646 cyathis
1211 1597 1362 1634 duobus

191 1666 431 1717 Chrysippus
454 1666 536 1703 dari
561 1667 684 1703 iubet.
740 1668 793 1702 sic
817 1672 857 1702 et
879 1665 1101 1716 hydropicis
1124 1669 1362 1703 contrarium

192 1749 290 1780 esse,
323 1738 500 1785 quamvis
533 1738 686 1772 urinam
718 1741 890 1780 moveat,
923 1735 1054 1780 docet,
1086 1738 1183 1772 item
1216 1738 1362 1777 veneri.

191 1808 344 1842 vesicae
368 1818 526 1855 quoque
551 1807 623 1842 nisi
647 1805 869 1849 decoctum,
893 1818 996 1855 quae
1020 1818 1123 1854 aqua
1146 1807 1177 1842 si
1201 1806 1360 1842 canibus

235 1883 247 1901 1
273 1883 369 1914 radix
385 1894 458 1923 eqo:
483 1883 596 1914 radice
610 1883 700 1914 codd.
741 1882 795 1913 Ita
811 1893 866 1923 eqo
881 1883 1031 1914 distinxi.
1077 1883 1155 1914 Post
1166 1883 1361 1914 exulcerata

191 1936 327 1962 commu,
345 1931 415 1965 pos!
438 1930 520 1966 pota
540 1931 698 1966 punctum
713 1925 897 1966 Detlefsen:
921 1931 993 1966 post
1015 1925 1210 1957 exulcerata
1224 1936 1359 1963 comma,

192 1974 263 2009 post
281 1969 534 2010 praedicatione
550 1974 709 2009 punctum
727 1968 890 2009 fflayhoff.

191 2022 237 2066 64
