1469 2299
110 243 152 274 92

112 716 152 747 93

115 1129 156 1159 94

384 136 578 174 PLINY:
622 136 884 175 NATURAL
918 136 1149 174 HISTORY

228 238 372 276 XLVI.
404 239 516 275 Inter
531 252 578 275 ea
594 252 697 289 quae
713 245 867 276 temere
883 239 1127 276 manduntur
1143 245 1185 276 et
1200 239 1353 276 boletos

178 300 322 334 merito
341 300 553 347 posuerim,
571 300 691 347 opimi
711 298 873 348 quidem
891 297 961 334 hos
979 298 1069 339 cibi,
1087 298 1157 334 sed
1176 301 1354 334 inmenso

180 357 365 406 exemplo
384 359 423 392 in
444 359 592 393 crimen
613 356 819 400 adductos,
839 369 993 393 veneno
1012 356 1170 393 Tiberio
1190 356 1354 393 Claudio

179 418 342 465 principi
374 429 445 465 per
472 414 574 452 hanc
598 418 843 452 occasionem
869 415 918 452 ab
942 417 1109 465 coniuge
1135 416 1354 465 Agrippina

179 474 289 518 dato,
316 488 394 524 quo
420 474 526 511 facto
551 474 616 511 illa
641 477 756 511 terris
781 487 980 511 venenum
1006 474 1175 510 alterum
1202 475 1355 524 sibique

180 539 275 570 ante
305 547 441 570 omnes
473 533 674 570 Neronem
703 547 818 570 suum
847 533 971 570 dedit.
1027 533 1275 582 quorundam
1306 546 1353 569 ex

179 591 238 628 his
271 591 385 629 facile
418 598 635 629 noscuntur
666 605 820 629 venena
851 592 977 629 diluto
1009 592 1166 635 rubore,
1197 592 1356 629 rancido

181 657 360 700 aspectu,
384 651 501 688 livido
524 653 632 688 intus
654 651 797 695 colore,
820 653 963 688 rimosa
986 653 1095 694 stria,
1118 651 1264 700 pallido
1286 663 1357 700 per

179 711 375 746 ambitum
425 710 545 747 labro.
601 724 680 747 non
728 715 822 747 sunt
870 709 968 746 haec
1016 712 1055 746 in
1105 709 1356 759 quibusdam,

180 772 351 818 siccique
375 775 417 805 et
439 772 519 806 veri
542 769 689 806 similes
712 769 834 805 veluti
857 774 994 819 guttas
1016 771 1056 804 in
1077 771 1226 805 vertice
1248 768 1356 805 albas

181 841 229 864 ex
262 831 396 864 tunica
427 841 498 865 sua
529 834 688 878 gerunt.
742 827 898 864 vulvam
931 830 1035 864 enim
1068 832 1173 864 terra
1204 828 1254 864 ob
1284 826 1357 863 hoc

182 890 287 936 prius
315 889 458 937 gignit,
484 890 614 937 ipsum
642 893 783 936 postea
808 889 848 923 in
875 886 1004 929 vulva,
1031 899 1103 922 ceu
1131 889 1169 922 in
1197 900 1269 923 ovo
1297 892 1357 923 est

181 946 348 982 luteum.
405 959 477 982 nec
507 948 667 982 tunicae
698 948 824 982 minor
852 947 982 996 gratia
1011 947 1049 981 in
1079 946 1166 981 cibo
1195 945 1357 981 infantis

182 1004 316 1041 boleti.
373 1007 571 1054 rumpitur
612 1004 711 1041 haec
754 1007 879 1054 primo
922 1009 1125 1048 nascente,
1168 1018 1259 1040 mox
1302 1006 1358 1040 in-

181 1069 386 1100 crescente
413 1066 453 1100 in
480 1063 651 1113 pediculi
680 1077 821 1113 corpus
851 1064 1086 1106 absumitur,
1114 1076 1246 1099 rarum
1274 1076 1353 1099 um-

184 1135 304 1172 quam
324 1125 492 1173 geminis
510 1123 523 1146 1
544 1136 592 1159 ex
615 1136 692 1159 uno
713 1122 829 1172 pede.
887 1124 997 1172 origo
1013 1124 1140 1171 prima
1160 1134 1358 1171 causaque

183 1194 204 1218 e
226 1181 319 1218 limo
343 1187 384 1218 et
406 1188 615 1218 acescente
637 1194 730 1218 suco
752 1181 951 1218 madentis
973 1186 1105 1217 terrae
1128 1186 1198 1217 aut
1218 1180 1358 1218 radicis

183 1239 265 1276 fere
282 1240 563 1290 glandiferae,2
574 1243 768 1290 initioque
784 1253 926 1290 spuma
940 1239 1098 1283 lentior,
1112 1239 1204 1276 dein
1218 1253 1359 1289 corpus

183 1300 441 1336 membranae
478 1299 619 1343 simile,
656 1313 749 1336 mox
786 1304 938 1349 partus,
974 1304 1021 1335 ut
1057 1298 1240 1335 diximus.
1294 1298 1360 1335 illa

183 1358 411 1408 pernicialia
435 1371 539 1408 quae
562 1358 756 1408 probandi
781 1357 889 1395 alea!
906 1358 921 1382 3
974 1360 1006 1395 si
1029 1357 1208 1408 caligaris
1228 1357 1359 1394 clavus

235 1444 247 1463 ¹
271 1456 384 1476 rarum
409 1455 574 1485 umquam
593 1445 735 1486 geminis
754 1445 856 1482 codd„
876 1444 1063 1485 Deilefsen:
1087 1454 1232 1484 raroque
1255 1443 1358 1485 vvly.:

188 1498 372 1528 rarumque
393 1491 431 1518 ut
451 1488 606 1529 geminus
627 1487 790 1528 Mayhoff.

232 1530 245 1549 ²
267 1531 476 1571 glandiferae
497 1531 593 1571 vulq„
611 1530 768 1571 Mayhoff
779 1543 785 1561 :
817 1529 1031 1571 grandiferae
1045 1534 1103 1561 aul
1117 1529 1255 1571 grandis
1271 1530 1360 1561 codd.

188 1573 326 1613 grandis
341 1573 516 1614 Detlefsen.

233 1616 246 1635 ⁸
271 1626 357 1657 quae
376 1616 545 1656 probandi
563 1616 637 1647 alea
657 1615 851 1653 Gronovius,
870 1615 1056 1656 Dellefsen:
1091 1618 1175 1655 quot
1194 1614 1361 1655 probandi

189 1658 260 1733 aliai
286 1659 360 1690 aliis
390 1659 485 1700 signa
515 1657 690 1699 Mayhoff:
735 1658 826 1700 quod
856 1658 997 1699 plurimi
1025 1657 1138 1690 codd.:
1182 1657 1249 1688 alia.
1278 1657 1362 1688 alias

189 1712 244 1732 mn
262 1702 296 1733 ti.

231 1793 245 1807 ‘¹
270 1788 315 1820 Or
335 1787 509 1829 possibly:
544 1787 684 1819 “which
706 1787 826 1829 people
847 1791 904 1818 eat
926 1787 1072 1818 without
1093 1786 1227 1825 enough
1249 1786 1361 1817 care.'’

235 1831 247 1851 ⁶
269 1831 340 1862 The
355 1831 478 1872 phrase
493 1830 614 1862 rimosa
630 1831 710 1862 stria
726 1831 754 1861 is
770 1830 925 1861 difficult.
970 1828 1119 1870 Perhaps
1131 1828 1230 1868 Pliny
1246 1838 1362 1859 means

187 1873 265 1904 that
277 1873 336 1904 the
348 1872 508 1904 so-ealled
522 1873 597 1914 gills
610 1873 696 1904 form
710 1872 795 1914 deep
808 1872 924 1908 clefts;
949 1882 986 1903 or
997 1871 1143 1913 perhaps
1154 1871 1195 1902 he
1209 1871 1310 1902 refers
1325 1875 1362 1902 to

186 1916 245 1948 the
260 1919 321 1957 top
338 1916 376 1947 of
387 1915 445 1947 the
462 1926 534 1956 cap.

235 1965 247 1980 ⁶
269 1960 363 1991 With
393 1958 598 1991 Detlefsen’s
625 1959 787 2000 reading:
830 1958 926 1989 “out
953 1957 993 1988 of
1016 1968 1035 1988 a
1063 1960 1159 1988 stout
1185 1957 1298 1993 root,”
1325 1967 1363 1988 or

189 2002 209 2016 “
224 2005 286 2034 out
306 2002 344 2034 of
360 2002 420 2034 the
439 2005 516 2034 root
536 2002 575 2033 of
591 2012 611 2033 a
630 2001 695 2033 tall
711 2001 820 2033 treest’
867 2002 946 2032 Fere
966 2011 1047 2042 may
1066 2003 1213 2031 account
1232 1999 1285 2030 for
1303 1999 1363 2031 the

188 2064 258 2110 358
