1469 2299
65 211 125 241 115

70 703 129 735 116

354 102 549 139 PLINY:
595 101 856 139 NATURAL
889 98 1124 137 HISTORY

151 205 382 247 cribrorum,
412 202 663 253 longitudine
694 215 771 238 non
801 201 885 237 aliis
920 200 1111 237 utiliore.l
1164 199 1325 249 quidam

155 269 375 303 etiamnum
417 278 541 301 unum
582 277 709 314 genus
749 262 903 299 faciunt
943 264 1046 298 iunci
1088 261 1328 311 trianguli—-

153 340 328 378 cyperon
350 326 662 363 vocant—multi
684 338 777 361 vero
799 338 877 360 non
898 323 1129 360 discernunt
1150 336 1173 359 a
1193 325 1328 373 cypiro

153 391 358 426 vicinitate
406 390 586 425 nominis.
642 400 712 423 nos
759 386 1052 435 distinguemus
1098 390 1327 434 utrumque.

154 453 312 502 cypirus
347 455 409 487 est
441 449 652 500 gladiolus,
686 454 731 485 ut
764 448 950 490 diximus,
984 446 1116 483 radice
1149 446 1329 489 bulbosa,

155 512 451 549 laudatissimus
477 513 516 548 in
541 510 678 547 insulis
704 509 838 553 Creta,
863 509 956 545 dein
983 509 1097 545 Naxo
1123 513 1165 545 et
1190 513 1331 558 postea

156 577 195 610 in
216 573 428 611 Phoenice.
484 573 641 610 Cretico
661 571 808 608 candor
827 571 1004 620 odorque
1026 572 1174 606 vicinus
1194 569 1331 612 nardo,

158 636 286 672 Naxio
328 638 466 679 acrior,
508 633 722 671 Phoenicio
764 635 954 683 exiguum
995 634 1162 681 spirans,
1203 631 1332 668 nullus

156 699 376 748 Aegyptio,
415 710 507 733 nam
548 702 590 732 et
627 696 681 732 ibi
721 697 908 732 nascitur.
964 694 1128 730 discutit
1166 693 1332 730 duritias

156 771 389 809 corporum3
427 761 505 795 iam
530 757 707 794 remedia
733 759 839 793 enim
863 756 1055 799 dicemus,
1079 758 1267 805 quoniam
1291 760 1334 791 et

156 821 297 858 florum
344 820 592 870 odorumque
639 821 777 870 generi
828 823 890 855 est
936 831 1105 868 magnus
1155 830 1248 853 usus
1293 819 1334 853 in

157 882 368 919 medicina.
424 881 530 932 quod
566 881 616 918 ad
651 883 816 931 cypiron
849 882 1013 923 attinet,
1048 878 1334 928 Apollodorum

159 944 323 994 quidem
339 957 498 993 sequar,
520 946 586 993 qui
609 943 787 993 negabat
801 943 816 965 2
835 941 1070 985 bibendum,
1091 953 1334 990 quamquam

160 1006 362 1056 professus
385 1006 697 1042 efficacissimum
716 1017 802 1041 esse
823 1003 1012 1040 adversus
1033 1002 1216 1047 calculos,
1237 1015 1335 1052 quos

159 1081 207 1105 eo
249 1068 419 1105 movet.³
473 1066 630 1104 feminis
674 1065 837 1116 quidem
879 1065 1043 1102 abortus
1085 1063 1217 1101 facere
1256 1077 1335 1101 non

158 1130 334 1173 dubitat,
369 1131 594 1179 mirumque
629 1128 754 1165 tradit
787 1127 977 1164 barbaros
1010 1127 1187 1163 suffitum
1220 1125 1336 1163 huius

156 1190 306 1228 herbae
345 1193 592 1240 excipientes
630 1203 697 1227 ore
745 1189 869 1226 lienes
906 1201 1140 1226 consumere
1179 1194 1221 1225 et
1257 1202 1336 1225 non

159 1253 295 1304 egredi
319 1253 501 1290 domibus
524 1255 597 1289 nisi
620 1253 670 1289 ab
692 1251 766 1288 hoc
787 1251 934 1288 suffitu.
983 1253 1207 1301 vegetiores
1231 1253 1336 1287 enim

152 1315 425 1365 firmioresque
455 1317 509 1352 sic
540 1317 663 1351 etiam
692 1316 732 1350 in
752 1313 866 1350 djes4
887 1313 983 1349 fieri.
1039 1315 1336 1362 intertriginum

209 1402 220 1420 ¹
244 1401 443 1437 cribrorum,
484 1400 697 1441 longitudine
737 1410 806 1431 non
846 1399 920 1430 aliis
960 1398 1106 1430 utiliore.
1151 1398 1335 1439 Detlefsen:

163 1444 357 1475 cubitorum
405 1444 653 1485 longitudinem
699 1453 768 1474 non
813 1442 888 1473 aliis
933 1441 1115 1473 utiliorem.
1163 1441 1336 1481 Mayhoff:

163 1487 390 1528 cymfflorum,
419 1487 643 1528 longitudine,
671 1486 807 1517 utiliore
834 1485 919 1517 coni.
947 1485 1078 1516 Ianus:
1119 1484 1337 1520 cimbrorum,

163 1530 375 1603 υῐὲίὶῖῑοωω,
399 1530 599 1565 cribrorum,
622 1529 884 1570 longitudinem,
907 1527 1078 1558 utiliorem
1102 1527 1271 1566 (viliorem
1295 1527 1338 1567 E)

163 1583 199 1604 co
240 1596 253 1603 s.

207 1615 219 1633 ²
244 1615 391 1656 negabat
409 1615 497 1647 codd.
514 1628 520 1646 :
554 1618 655 1655 negat
675 1613 836 1656 Mayhoff.

208 1658 220 1677 ³
245 1668 330 1698 quos
351 1668 390 1689 eo
411 1661 528 1688 movet
551 1668 624 1697 eqo:
658 1657 718 1688 hos
741 1667 781 1688 eo
805 1660 922 1687 movet
945 1655 1128 1696 Dellefsen:
1159 1664 1217 1685 eos
1240 1654 1338 1685 fovet

165 1700 226 1731 RE
242 1711 248 1729 :
288 1711 325 1731 os
343 1711 383 1731 eo
402 1700 498 1732 fovet
517 1700 680 1740 Mrwhoff,
701 1700 757 1740 qui
776 1699 923 1731 calculos
941 1703 976 1729 et
995 1702 1092 1739 potu,
1111 1703 1138 1729 et
1158 1697 1279 1728 vulvas
1298 1707 1338 1728 eo

165 1742 259 1774 fovet
275 1743 422 1775 coniecit.

200 1787 211 1805 ⁴
236 1788 270 1818 in
284 1786 365 1823 dies,
381 1787 415 1818 in
430 1786 494 1824 die,
509 1785 598 1818 codd.
614 1798 621 1817 ε
650 1786 684 1817 in
699 1785 789 1816 diem
801 1785 910 1825 Silliq.

209 1876 223 1891 ⁰
246 1872 307 1904 See
324 1873 338 1910 §
356 1873 415 1903 107
433 1872 471 1902 of
484 1871 553 1902 this
570 1871 671 1902 book.

210 1915 222 1934 δ
247 1915 292 1947 Or
310 1915 456 1956 perhaps
477 1915 497 1927 ‘⁶
511 1913 739 1955 important.”
785 1914 846 1946 See
864 1914 878 1952 §
896 1915 968 1949 117,
989 1912 1102 1953 maqm·
1120 1912 1158 1943 in
1175 1911 1340 1943 medicina

164 1969 256 1995 usus,
274 1958 385 1989 where
402 1958 498 1988 there
516 1958 543 1988 is
561 1957 621 1988 the
638 1966 732 1988 same
749 1956 953 1997 ambiguity.
992 1960 996 1961 ⁷

165 2030 234 2063 244
