1469 2299
116 405 156 434 45

118 1031 158 1061 46

119 1868 159 1897 47

388 155 582 192 PLINY:
628 153 890 191 NATURAL
926 153 1160 191 HISTORY

184 259 319 295 dinem
341 257 486 295 aufert.
543 259 675 294 simias
700 257 1052 306 quadripedesque
1077 258 1221 306 quibus
1245 257 1360 307 digiti

184 335 277 365 sunt
299 333 451 378 negant
474 340 654 364 crescere
677 326 866 363 adsuetas
888 329 987 362 meri
1008 332 1119 376 potu.

239 398 386 434 XXIV.
418 397 533 434 Nunc
546 399 649 433 circa
663 396 937 447 aegritudines
951 409 1081 433 sermo
1094 396 1144 433 de
1159 399 1258 433 vinis
1272 399 1361 434 erit.

186 468 492 504 saluberrimum
528 466 748 503 liberaliter
781 468 930 516 genitis
960 465 1205 515 Campaniae
1240 466 1364 516 quod-

185 550 358 587 cumque
396 539 691 580 tenuissimum,
729 536 848 586 vulgo
885 548 979 572 vero
1016 536 1123 585 quod
1161 549 1364 586 quemque

190 610 363 643 maxime
420 609 566 643 iuverit
622 606 810 643 validum.
867 605 1124 642 utilissimum
1180 606 1364 643 omnibus

187 690 300 713 sacco
324 678 472 713 viribus
496 676 645 713 fractis.
702 678 1002 712 meminerimus
1025 688 1163 712 sucum
1187 688 1274 712 esse
1297 677 1365 725 qui

187 746 379 783 fervendo
409 749 510 782 vires
541 759 562 782 e
592 751 725 782 musto
754 746 826 782 sibi
857 745 1010 781 fecerit.
1068 747 1221 781 misceri
1251 745 1366 795 plura

188 830 338 866 genera
363 817 547 853 omnibus
573 815 728 852 inutile.
785 815 1090 852 saluberrimum
1116 817 1179 851 cui
1204 814 1301 852 nihil
1325 818 1366 852 in

188 892 320 923 musta
359 886 543 923 additum
583 891 659 929 est,
698 885 936 934 meliusque,
975 887 1005 921 si
1045 897 1119 921 nec
1157 887 1259 922 vasis
1298 888 1366 934 pix

188 956 330 992 adfuit.
387 969 585 992 marmore
614 958 720 991 enim
749 961 791 992 et
817 968 945 1004 gypso
973 960 1044 991 aut
1070 955 1177 991 calce
1205 955 1367 992 condita

188 1029 274 1076 quis
312 1039 390 1062 non
429 1031 470 1062 et
507 1025 660 1062 validus
699 1025 936 1074 expaverit?
996 1027 1034 1060 in
1071 1027 1208 1074 primis
1245 1027 1368 1075 igitur

189 1099 321 1132 vinum
358 1098 511 1132 marina
546 1108 651 1144 aqua
685 1095 838 1132 factum
874 1094 1015 1131 inutile
1050 1100 1112 1131 est
1145 1094 1366 1138 stomacho,

188 1168 332 1209 nervis,
374 1168 542 1201 vesicae.
585 1168 717 1201 resina
756 1164 918 1201 condita
959 1163 1111 1214 frigidis
1152 1163 1367 1201 stomachis

188 1235 301 1272 utilia
321 1238 618 1278 existimantur,
637 1249 715 1271 non
736 1234 928 1284 expedire
948 1235 1245 1278 vomitionibus,
1264 1237 1368 1271 sicut

189 1318 320 1354 neque
362 1319 459 1354 sapa
500 1318 632 1354 neque
674 1318 848 1354 passum.
905 1306 1105 1341 novicium
1146 1306 1367 1341 resinatum

190 1375 283 1411 nulli
314 1375 516 1418 conducit,
545 1377 688 1424 capitis
716 1374 895 1411 dolorem
925 1379 967 1410 et
1008 1376 1227 1424 vertigines
1256 1373 1365 1411 facit.

189 1445 238 1481 ab
265 1444 339 1481 hoc
367 1445 475 1481 dicta
502 1444 665 1494 crapula
693 1449 766 1481 est.
823 1444 1087 1480 tussientibus
1116 1449 1158 1480 et
1184 1446 1223 1480 in
1251 1443 1366 1481 rheu-

188 1517 375 1551 matismo
431 1517 638 1551 nominata
693 1519 874 1563 prosunt,
931 1516 1030 1550 item
1085 1513 1268 1550 coeliacis
1324 1520 1366 1551 et

189 1584 458 1634 dysintericis,
499 1584 712 1620 mulierum
751 1584 968 1620 mensibus.
1024 1586 1064 1620 in
1104 1582 1177 1619 hoe
1215 1596 1366 1633 genere

188 1655 351 1690 rubrum
378 1657 587 1704 nigrumve
612 1656 739 1703 magis
764 1655 1005 1703 constringit
1029 1655 1239 1703 magisque
1264 1653 1366 1691 cale-

189 1723 296 1760 facit.
354 1726 606 1760 innocentius
658 1726 746 1772 pice
797 1723 880 1760 sola
931 1722 1151 1759 conditum.
1207 1728 1272 1760 set
1323 1729 1365 1760 et

188 1796 317 1842 picem
355 1796 584 1830 meminisse
622 1793 817 1829 debemus
855 1806 933 1829 non
971 1792 1079 1829 aliud
1117 1805 1204 1829 esse
1243 1805 1364 1842 quam

188 1864 409 1900 conbustae
424 1865 579 1899 resinae
594 1861 758 1899 fluxum.
816 1861 889 1899 hoc
902 1875 1031 1912 genus
1044 1864 1125 1898 vini
1139 1861 1365 1906 excalfacit,

592 2011 606 2025 ¹¹
633 2008 692 2040 Le.
714 2011 734 2024 “
742 2006 964 2049 hang-over.”
