1469 2299
404 111 569 149 PLINY
584 125 592 149 z
635 111 897 149 NATURAL
934 112 1167 149 HISTORY

214 206 452 255 simplicibus
474 206 808 255 densissimisque,
830 207 997 241 amarior
1017 205 1087 241 sed
1108 205 1385 241 efficacissima,

147 273 188 303 80
215 268 314 304 Cato
338 270 504 316 crispam
528 269 701 303 maxime
726 267 882 316 probat,
905 265 998 302 dein
1021 265 1150 302 levem
1173 266 1387 315 grandibus

148 640 184 670 81

215 328 328 372 foliis,
343 329 453 365 caule
470 342 626 378 magno.
681 327 868 377 prodesse
882 327 1006 363 tradit
1021 329 1160 376 capitis
1176 327 1388 372 doloribus,

214 390 414 427 oculorum
446 389 602 439 caligini
636 389 999 438 scintillationique,
1031 387 1138 431 liem‘,
1171 388 1388 432 stomacho,

214 451 450 501 praecordiis
487 451 648 487 crudam
686 463 734 487 ex
771 456 885 486 aceto
922 463 966 485 ac
1003 449 1134 493 melle,
1171 450 1388 493 coriandro,

215 518 317 556 ruta,
358 518 507 555 menta,
541 512 675 548 laseris
715 510 889 548 radicula
926 517 1127 560 sumptam
1171 511 1387 548 acetabulis

214 574 366 610 duobus
394 576 604 617 matutino,
632 579 869 622 tantamque
898 585 984 609 esse
1010 574 1089 608 vim
1116 578 1160 608 ut
1188 575 1254 622 qui
1282 578 1387 609 terat

214 635 311 671 haec
340 635 568 671 validiorem
598 634 681 671 fieri
711 647 752 671 se
782 636 942 671 sentiat.
998 647 1092 683 ergo
1121 633 1183 670 vel
1211 647 1301 670 cum
1329 633 1389 670 his

214 699 350 733 tritam
381 696 632 739 sorbendam,
663 695 724 732 vel
756 708 804 732 ex
836 694 909 732 hoc
940 697 1111 731 intinctu
1141 695 1389 739 sumendam,

214 758 414 807 podagrae
445 763 579 794 autem
610 758 836 806 morbisque
866 756 1097 793 articulariis
1127 756 1264 792 inlinil
1299 770 1387 793 cum

215 826 328 855 rutae
366 819 558 855 coriandri
593 818 682 855 salis
716 820 831 862 mica,
866 824 908 854 et
940 817 1077 854 hordei
1112 817 1251 861 farina,
1286 831 1389 867 aqua

214 894 371 930 quoque
421 883 502 917 eius
551 880 741 916 decoctae
790 892 928 916 nervos
978 879 1242 928 articulosque
1291 881 1389 916 mire

216 944 336 978 iuvari
361 944 390 977 si
417 941 660 978 foveantur.l
714 940 876 977 vulnera
901 946 942 977 et
969 942 1145 977 recentia
1171 947 1211 977 et
1237 946 1387 983 vetera,

215 1006 336 1040 etiam
374 1005 640 1039 carcinomata
674 1015 776 1052 quae
815 1002 930 1038 nullis
965 1001 1047 1038 aliis
1087 1002 1388 1038 medicamentis

214 1066 340 1100 sanari
370 1067 519 1113 possint
549 1063 671 1100 foveri
698 1066 804 1113 prius
833 1063 959 1100 calida
987 1076 1090 1112 aqua
1118 1063 1229 1100 iubet
1257 1076 1302 1100 ac
1328 1064 1387 1101 bis

169 1138 176 1144 ·
214 1126 278 1162 die
310 1128 445 1162 tritam
480 1128 624 1175 inponi.
680 1128 734 1162 sic
767 1127 888 1162 etiam
921 1125 1071 1161 fistulas
1105 1130 1146 1162 et
1178 1124 1315 1162 luxata
1348 1131 1389 1162 et

215 1194 403 1231 tumores,
421 1201 517 1237 quos
530 1189 544 1211 2
566 1190 732 1231 evocari,
749 1200 926 1237 quosque
942 1187 1085 1223 discuti
1101 1200 1198 1236 opus
1215 1189 1277 1224 sit.
1333 1189 1389 1223 in-

215 1252 365 1285 somnia
393 1252 513 1285 etiam
541 1249 773 1299 vigiliasque
798 1248 938 1285 tollere
965 1248 1185 1292 decoctam,
1211 1251 1242 1285 si
1269 1250 1388 1285 ieiuni

215 1311 325 1348 edint
356 1324 474 1361 quam
506 1311 715 1361 plurimam
747 1324 796 1347 ex
827 1310 914 1347 oleo
945 1316 987 1347 et
1017 1310 1112 1354 sale,
1142 1312 1328 1355 tormina,
1358 1313 1389 1347 si

214 1375 378 1412 decocta
398 1378 542 1412 iterum
562 1375 808 1425 decoquatur
827 1374 963 1411 addito
983 1375 1084 1419 oleo,
1103 1374 1198 1419 sale,
1218 1377 1387 1419 cumino,

214 1437 386 1486 polenta.
442 1439 473 1474 si
488 1440 545 1474 ita
559 1443 739 1474 sumatur
753 1439 838 1473 sine
852 1449 970 1486 pane,
985 1438 1110 1486 magis
1125 1435 1387 1486 profuturam.

214 1501 318 1534 inter
342 1498 492 1548 reliqua
517 1498 638 1535 bilem
663 1497 819 1535 detrahi
843 1511 915 1548 per
939 1500 1073 1535 vinum
1098 1500 1255 1548 nigrum
1278 1503 1385 1548 pota.

262 1583 273 1601 ¹
300 1585 421 1616 Texta-s
455 1585 511 1615 hoc
547 1584 614 1616 loco
648 1584 779 1615 dubins.
826 1584 990 1625 Dellefsen
1026 1583 1138 1615 scribit
1175 1594 1252 1615 eum
1289 1589 1387 1616 rutae

218 1627 386 1658 coriandri
407 1631 442 1658 et
462 1627 541 1658 salis
563 1628 662 1663 mica,
679 1627 796 1658 hordei
811 1627 922 1658 farina
941 1651 948 1658 .
969 1651 976 1658 .
997 1651 1004 1658 .
1023 1626 1165 1658 decocta
1181 1631 1301 1667 puncto
1316 1632 1387 1667 post

218 1670 328 1700 iuvari
348 1670 469 1701 addito.
518 1670 673 1711 Mayhoff
684 1670 795 1702 scribit
810 1680 887 1701 cum
908 1673 988 1700 ruta
1008 1673 1044 1701 et
1065 1669 1243 1701 coriandro
1258 1673 1293 1701 et
1308 1670 1388 1701 salis

218 1713 306 1743 mica
323 1716 358 1744 et
375 1712 493 1744 hordei
511 1713 638 1750 farina;
667 1723 758 1754 aqua
776 1723 911 1753 quoque
929 1713 1000 1744 eius
1018 1712 1161 1744 decocta
1178 1717 1298 1753 puncto
1315 1718 1387 1754 post

218 1754 402 1786 foveantur
422 1756 545 1787 addito.

262 1798 275 1817 ²
301 1808 384 1839 quos
403 1799 478 1830 add.
500 1798 663 1839 Mayhoff.

392 1920 406 1934 ⁴²
430 1916 498 1947 R.r.
518 1917 588 1947 157.
814 1914 826 1935 ⁶
849 1917 911 1949 See
927 1927 961 1958 p.
979 1916 1032 1954 16,
1047 1919 1128 1948 note
1137 1915 1167 1957 f.

269 1964 281 1979 ⁶
304 1959 485 2001 Generally
500 1960 605 1992 taken
621 1964 658 1991 to
675 1970 774 1991 mean
793 1959 812 1972 “
828 1963 920 1991 want
936 1960 975 1991 of
986 1959 1113 2001 sleep,’'
1129 1969 1167 1991 as
1183 1959 1217 1990 in
1233 1958 1247 1997 ἓ
1264 1959 1337 1992 186.

211 2020 257 2065 48
