1469 2299
105 329 164 360 137

110 649 168 680 138

112 1032 170 1064 139

118 1672 176 1703 140

397 91 590 128 PLINY:
636 89 897 127 NATURAL
930 88 1164 125 HISTORY

191 198 354 245 poturis.
412 200 452 230 et
477 196 515 229 in
541 193 628 229 cibo
653 192 715 228 vel
738 191 859 228 cruda
884 190 945 227 vel
970 190 1135 227 decocta
1159 189 1368 226 conditave

194 260 370 309 prodest,
397 261 493 294 item
519 256 754 293 torminibus
780 258 819 290 in
844 253 996 305 hysopo
1021 254 1186 290 decocta
1212 259 1253 290 et
1278 267 1367 290 cum

192 326 293 359 vino.
349 325 402 359 sic
431 327 471 358 et
498 322 733 370 sanguinem
760 321 863 355 sistit
891 320 1119 355 interiorem
1147 323 1188 354 et
1215 320 1368 354 narium

195 387 333 430 indita,
374 388 426 422 sic
467 391 507 422 et
548 384 715 421 conlutis
755 383 941 420 dentibus
981 382 1156 431 prodest.
1211 382 1368 418 auribus

195 463 354 501 quoque
395 452 433 486 in
473 449 606 486 dolore
647 461 761 484 sucus
802 446 1036 490 infunditur,
1075 445 1287 489 custodito,
1326 452 1371 482 ut

194 516 379 558 diximus,
412 513 528 550 modo
561 515 598 548 in
631 512 813 555 silvestri,
845 516 982 547 contra
1013 510 1248 546 tarditatem
1278 523 1371 546 vero

195 581 426 627 sonitusque
460 591 549 614 cum
582 589 740 612 rosaceo
778 575 839 611 vel
877 588 967 611 cum
1005 574 1140 610 laureo
1178 574 1265 610 oleo
1302 580 1370 610 aut

195 657 284 679 cum
309 645 397 678 vino
416 642 430 664 1
455 647 496 678 et
525 640 655 677 melle.
710 653 824 676 sucus
850 644 890 675 et
919 638 1160 688 phreneticis
1185 651 1233 674 ex
1258 643 1372 674 aceto

195 709 315 743 tritae
331 705 544 742 instillatur
559 707 597 740 in
614 710 795 753 tempora
811 709 852 740 et
867 703 1086 739 cerebrum.
1142 702 1372 738 adiecerunt

196 771 315 819 aliqui
348 776 389 806 et
421 769 636 819 serpyllum
668 774 709 804 et
740 767 893 804 laurum
926 767 1137 802 inlinentes
1169 769 1300 815 capita
1332 772 1373 802 et

196 835 305 871 colla.
361 834 559 870 dederunt
581 838 622 869 et
642 831 868 881 lethargicis
890 844 938 867 ex
961 836 1074 867 aceto
1095 830 1373 873 olfaciendum,

197 905 238 935 et
261 898 523 935 comitialibus
546 896 763 933 bibendum
787 895 977 932 decoctae
999 908 1136 931 sucum
1159 897 1198 930 in
1220 893 1372 944 cyathis

198 968 410 1012 quattuor3
452 967 546 997 ante
575 963 816 997 accessiones
845 972 1010 1009 quarum
1040 958 1162 1008 frigus
1190 958 1374 995 intolera-

198 1027 276 1063 bile
320 1032 380 1063 est
424 1025 653 1074 alsiosisque
697 1030 737 1060 et
781 1023 942 1060 crudam
986 1025 1024 1059 in
1067 1024 1166 1059 cibo.
1221 1025 1372 1059 urinam

198 1104 357 1140 quoque
378 1090 438 1126 vel
459 1095 666 1126 cruentam
687 1088 813 1138 pellit,
833 1087 1070 1124 feminarum
1092 1089 1213 1123 etiam
1233 1100 1375 1137 purga-

200 1157 329 1191 tiones
375 1153 663 1202 secundasque‚
711 1155 832 1189 etiam
884 1157 1083 1188 emortuos
1134 1157 1284 1200 partus,
1330 1157 1375 1188 ut

200 1219 433 1268 Hippocrati
461 1217 631 1261 videtur,
658 1230 707 1254 ex
734 1219 824 1252 vino
850 1215 952 1252 dulci
980 1218 1091 1265 nigro
1117 1221 1213 1265 pota
1238 1217 1375 1265 itaque

200 1283 323 1319 inlita.
380 1288 420 1319 et
446 1282 649 1318 vulvarum
674 1294 792 1317 causa
818 1286 859 1317 et
884 1280 1012 1317 suffire
1038 1280 1162 1316 iubet.
1217 1279 1375 1316 Diocles

201 1353 242 1383 et
273 1346 460 1383 cardiacis
493 1348 646 1395 inponit
680 1358 727 1381 ex
761 1350 875 1381 aceto
908 1350 949 1381 et
979 1343 1098 1380 melle
1129 1357 1218 1380 cum
1250 1343 1376 1380 farina

201 1410 424 1455 hordeacia,
459 1416 499 1446 et
534 1416 671 1446 contra
705 1409 825 1445 ileum
859 1408 1025 1446 decocta
1057 1407 1183 1444 farina
1217 1410 1256 1444 in
1290 1407 1377 1445 oleo

202 1475 410 1511 velleribus
434 1474 611 1511 collecta.
666 1473 781 1510 multi
805 1486 897 1509 vero
921 1478 963 1509 et
985 1478 1123 1509 contra
1145 1471 1376 1522 purulentas

203 1541 474 1575 excreationes
497 1541 622 1574 siccae
644 1536 850 1574 drachmas
872 1537 983 1581 duas,
1005 1536 1172 1585 sulpuris
1194 1550 1314 1572 unam
1336 1542 1377 1573 et

203 1603 407 1640 dimidiam
425 1605 524 1638 sumi
542 1607 720 1645 censent,
739 1607 779 1638 et
797 1607 932 1637 contra
950 1606 1134 1637 cruentas
1151 1614 1278 1637 ramos
1296 1606 1376 1637 tres

202 1667 385 1704 decoctos
418 1669 456 1702 in
488 1669 588 1703 vino.
643 1666 762 1703 datur
793 1671 834 1702 et
864 1665 1112 1715 dysintericis
1143 1678 1232 1701 cum
1263 1677 1377 1701 caseo

450 1780 462 1799 1
486 1790 563 1810 cum
584 1780 663 1810 vino
684 1778 858 1819 „llayhoff2
890 1779 1026 1809 cumino
1044 1778 1133 1809 codd.

410 1902 424 1917 ‘¹
448 1898 509 1930 See
530 1909 560 1938 p.
583 1897 601 1926 8
618 1897 686 1927 and
706 1907 763 1936 pp.
786 1897 940 1929 xiii—xiv.

414 1940 426 1960 ⁶
449 1941 510 1972 See
531 1952 562 1981 p.
584 1940 625 1970 70
641 1944 721 1970 note
737 1943 751 1957 ‘¹
766 1939 835 1970 and
852 1950 909 1980 pp.
927 1938 1079 1970 xiii-xiv.

207 2008 253 2043 80
