1469 2299
128 590 190 622 140

133 959 189 989 141

132 1452 190 1482 142

426 112 621 151 PLINY:
666 113 927 151 NATURAL
960 113 1194 151 HISTORY

217 216 346 252 factus
371 216 611 252 levissimum
635 216 766 251 cibum
791 216 970 264 praebet.
1026 215 1228 252 oculorum
1251 218 1394 253 tumori

220 290 269 314 ex
295 280 384 314 vino
410 279 627 326 inponitur,
653 279 706 313 sic
734 283 775 313 et
802 276 950 326 pusulis
978 279 1117 326 capitis
1144 282 1214 313 aut
1241 277 1397 314 adiecta

218 339 329 375 arida
355 344 499 388 myrto.
554 338 734 374 tremulis
762 351 907 387 panem
935 351 983 374 ex
1012 351 1116 388 aqua
1143 351 1229 375 esse
1257 341 1396 375 ieiunis

216 403 354 436 statim
380 413 402 436 a
427 399 593 436 balineis
619 399 909 436 demonstrant.
966 402 1061 449 quin
1088 406 1129 436 et
1154 402 1395 450 gravitatem

217 461 384 498 odorum
407 464 447 498 in
470 461 658 498 cubiculis
682 467 795 498 ustus
820 461 1011 498 emendat
1035 467 1077 498 et
1100 463 1178 498 vini
1202 463 1241 497 in
1265 475 1396 498 saccos

216 523 388 560 additus.

269 584 413 621 LXIX.
444 584 498 620 Et
525 583 618 621 faba
647 583 873 621 auxiliatur.
930 597 1103 634 namque
1130 584 1255 621 solida
1282 583 1398 621 fricta

219 646 457 695 fervensque
475 648 514 682 in
532 658 620 682 acre
639 652 798 682 acetum
815 648 995 682 coniecta
1011 647 1247 683 torminibus
1263 646 1396 683 mede-

217 713 294 744 tur.
351 710 390 744 in
418 707 574 745 cribro1
603 707 708 743 fresa
738 713 779 744 et
809 721 899 744 cum
927 707 1001 744 alio
1028 713 1140 744 cocta
1167 713 1304 744 contra
1330 708 1398 744 de-

219 769 393 819 ploratas
410 774 539 805 tusses
560 771 948 819 suppurationesque
969 775 1177 819 pectorum
1198 769 1397 806 cotidiano

218 831 305 867 cibo
340 833 523 874 sumitur,
559 836 600 867 et
634 831 966 867 commanducata
998 833 1131 867 ieiuno
1169 843 1236 873 ore
1271 836 1313 868 et
1347 830 1397 868 ad

222 892 451 929 furunculos
478 892 736 929 maturandos
767 892 1086 930 discutiendosve
1113 895 1329 942 inponitur,
1356 898 1398 930 et

219 957 257 990 in
293 957 382 990 vino
415 954 582 991 decocta
615 954 667 990 ad
700 956 865 990 testium
894 960 1084 997 tumores,
1114 954 1163 990 ad
1193 954 1395 1004 genitalia.

217 1015 394 1052 lomento
421 1028 581 1065 quoque
611 1028 660 1052 ex
689 1021 804 1052 aceto
831 1015 996 1052 decocto
1023 1021 1200 1052 tumores
1220 1022 1397 1052 maturat

219 1083 342 1126 atque
383 1079 526 1127 aperit,
565 1079 664 1114 item
705 1077 903 1121 livoribus,
943 1078 1159 1114 combustis
1198 1077 1395 1114 medetur.

220 1141 303 1175 voci
333 1151 421 1175 eam
451 1138 639 1188 prodesse
668 1144 806 1176 auctor
836 1144 896 1175 est
928 1138 985 1175 M.
1015 1138 1151 1176 Varro.
1206 1138 1396 1176 fabalium

218 1203 341 1237 etiam
372 1200 684 1250 siliquarumque
713 1203 808 1237 cinis
844 1200 895 1237 ad
929 1200 1200 1245 coxendices,2
1230 1201 1281 1238 ad
1309 1214 1394 1237 ner-

217 1275 354 1298 vorum
389 1268 545 1299 veteres
580 1262 734 1299 dolores
769 1275 860 1299 cum
894 1262 1020 1312 adipis
1055 1262 1157 1299 suilli
1191 1268 1396 1299 vetustate

218 1324 392 1373 prodest.
449 1330 490 1360 et
506 1337 577 1373 per
592 1336 634 1361 se
647 1326 813 1361 cortices
828 1324 844 1347 3
859 1324 1012 1361 decocti
1031 1324 1080 1361 ad
1097 1326 1237 1361 tertias
1251 1327 1397 1361 sistunt

223 1385 368 1422 alvum.

268 1447 391 1484 LXX.
422 1446 528 1484 Lens
553 1449 706 1497 optima
731 1460 835 1497 quae
861 1446 1046 1484 facillime
1072 1450 1257 1497 coquitur
1282 1453 1324 1484 et
1349 1460 1397 1484 ea

218 1521 321 1558 quae
370 1511 545 1545 maxime
595 1522 740 1559 aquam
790 1509 989 1546 absorbet.
1059 1512 1186 1546 aciem
1235 1509 1396 1559 quidem

219 1570 421 1607 oculorum
450 1570 639 1607 obtundit
667 1576 709 1607 et
736 1570 984 1608 stomachum
1013 1570 1140 1614 inflat,
1167 1570 1238 1608 sed
1266 1571 1397 1607 alvum

218 1634 323 1668 sistit
343 1634 382 1668 in
402 1633 490 1669 cibo
510 1635 717 1682 magisque
738 1632 901 1669 caelesti
922 1646 1026 1682 aqua
1046 1632 1233 1675 discocta,
1255 1632 1397 1669 eadem

218 1693 333 1730 solvit
360 1696 489 1730 minus
516 1700 714 1743 percocta.
770 1694 929 1743 pusulas
957 1694 1132 1730 ulcerum
1160 1697 1322 1744 rumpit,
1350 1707 1397 1731 ea

221 1768 324 1805 quae
343 1758 448 1792 intra
466 1769 508 1792 os
527 1761 621 1792 sunt
639 1762 785 1805 purgat
805 1761 847 1792 et
866 1756 1090 1806 adstringit.
1145 1755 1396 1792 collectiones

220 1830 357 1854 omnes
399 1819 571 1867 inposita
611 1817 729 1854 sedat
769 1820 1023 1867 maximeque
1065 1817 1313 1854 exulceratas
1355 1823 1396 1854 et

265 1895 275 1913 ¹
301 1895 408 1926 cribro
430 1895 670 1935 Warminqton:
695 1896 771 1927 cibo
789 1895 876 1926 codd.

266 1939 278 1957 ²
302 1938 503 1969 coxendices
515 1949 589 1969 cum
600 1939 653 1969 Vd
667 1939 825 1979 Jlayhoff
832 1951 839 1969 :
860 1939 1053 1970 coxendicis
1063 1949 1137 1969 cum
1148 1938 1210 1969 RE
1221 1937 1394 1979 Detlefsen.

265 1981 278 2000 ³
302 1982 444 2012 cortices
464 1991 538 2012 cum
560 1981 613 2013 Vd
634 1982 792 2022 Mayhoff
803 1994 809 2012 :
844 1982 979 2013 corticis
999 1991 1073 2013 cum
1094 1981 1156 2012 RE
1177 1980 1353 2022 Detlefsen.

217 2053 287 2088 394
