1469 2299
420 143 614 181 PLINY:
659 144 922 181 NATURAL
954 143 1190 181 HISTORY

217 246 373 283 vinculo
397 249 504 282 omni
528 249 681 283 cinctus
706 252 749 283 et
771 246 962 282 calciatus
987 252 1111 295 atque
1136 249 1259 282 etiam
1284 246 1391 283 anuli

217 305 461 354 decerpserit
481 305 636 341 duobus
654 305 805 354 digitis,
823 305 965 354 pollice
985 310 1027 341 et
1045 310 1189 354 quarto
1207 307 1391 341 sinistrae

218 377 373 407 manus,
407 370 530 413 atque
564 366 621 400 ita
654 364 832 400 lustratis
866 364 941 400 levi
976 369 1088 399 tactu
1122 364 1243 400 oculis
1276 367 1316 399 in
1349 377 1390 400 os

219 423 401 458 additum
420 422 686 466 devoraverit,
704 435 754 458 ne
773 422 897 459 dente
915 424 1139 472 contingat,
1158 422 1393 459 adfirmatur

219 481 367 517 nullam
413 481 616 518 oculorum
661 481 967 518 inbecillitatem
1012 494 1199 530 passurus
1251 481 1392 518 eodem

130 546 186 575 111
219 554 335 576 anno.
392 540 513 576 iidem
547 543 671 590 cytini
705 543 841 576 siccati
875 542 1042 588 tritique
1076 542 1203 576 carnis
1239 553 1393 576 excres-

221 605 358 635 centes
382 598 586 642 cohibent,
609 601 779 648 gingivis
803 604 846 635 et
867 598 1057 635 dentibus
1080 598 1309 642 medentur,
1331 598 1394 635 vel

220 660 251 694 si
274 658 440 694 mobiles
464 660 558 700 sint,
581 658 748 694 decocto
771 670 877 694 suco.
933 660 1019 706 ipsa
1041 657 1274 706 corpuscula
1297 660 1395 693 trita

221 717 419 753 ulceribus
467 729 571 765 quae
619 721 786 765 serpunt
828 721 1118 765 putrescuntve
1158 716 1394 759 inlinuntur,

220 778 319 811 item
357 774 561 811 oculorum
600 774 906 811 inflammationi
944 777 1311 823 intestinorumque
1351 780 1393 811 et

220 833 304 870 fere
327 834 377 870 ad
398 837 531 870 omnia
553 846 656 883 quae
677 836 845 870 cortices
866 833 1074 870 malorum.
1131 833 1395 869 adversantur

221 894 506 941 scorpionibus.

134 956 193 987 112
275 952 357 988 Lx.
390 951 478 988 Non
510 957 571 988 est
601 954 698 988 satis
729 954 863 988 mirari
894 964 1030 988 curam
1061 951 1395 1001 diligentiamque

222 1013 439 1059 priscorum
480 1013 547 1060 qui
587 1013 720 1047 omnia
759 1012 927 1047 scrutati
968 1009 1063 1046 nihil
1104 1012 1394 1058 intemptatum

222 1069 482 1118 reliquerunt.
538 1071 578 1105 in
603 1069 676 1105 hoc
701 1072 787 1118 ipso
812 1072 948 1119 cytino
973 1068 1124 1105 flosculi
1149 1074 1256 1111 sunt,
1283 1074 1394 1104 ante-

222 1141 343 1178 quam
378 1128 528 1164 scilicet
563 1128 712 1165 malum
747 1131 878 1178 ipsum
912 1127 1083 1176 prodeat
1119 1133 1394 1176 erumpentes,

223 1200 321 1236 quos
347 1187 590 1223 balaustium
617 1190 746 1223 vocari
774 1187 959 1223 diximus.
1016 1186 1085 1223 hos
1113 1199 1273 1235 quoque
1301 1199 1395 1235 ergo

223 1249 380 1295 experti
425 1249 614 1282 invenere
660 1247 932 1295 scorpionibus
978 1245 1191 1281 adversari.
1248 1247 1396 1281 sistunt

222 1310 320 1354 potu
351 1318 508 1341 menses
539 1304 792 1348 feminarum,
814 1310 930 1341 sanat
952 1304 1085 1340 ulcera
1105 1307 1196 1347 oris,
1218 1304 1396 1340 tonsillas

224 1377 354 1407 uvam,
385 1367 587 1413 sanguinis
623 1367 912 1407 excreationes,
942 1366 1092 1399 ventris
1127 1369 1169 1399 et
1201 1362 1396 1399 stomachi

223 1428 455 1472 solutiones,
493 1428 699 1478 genitalia,
739 1428 872 1464 ulcera
910 1440 1163 1477 quacumque
1202 1429 1242 1463 in
1280 1432 1395 1476 parte

136 1492 195 1522 113
224 1490 442 1523 manantia.
499 1489 696 1523 siccavere
727 1490 864 1529 etiam,
892 1492 938 1523 ut
967 1489 1020 1522 sic
1050 1498 1210 1535 quoque
1240 1488 1396 1534 experi-

223 1551 375 1589 rentur,
406 1548 728 1595 inveneruntque
760 1551 941 1582 tusorum
971 1544 1099 1581 farina
1130 1544 1394 1594 dysintericos

225 1618 247 1640 a
284 1610 413 1641 morte
451 1607 640 1648 revocari,
679 1604 810 1641 alvum
849 1603 965 1640 sisti.l
1020 1607 1115 1653 quin
1154 1609 1196 1639 et
1234 1603 1394 1639 nucleos

224 1666 328 1713 ipsos
359 1666 561 1700 acinorum
594 1666 765 1712 experiri
797 1677 876 1699 non
908 1665 1051 1712 piguit.
1108 1664 1203 1698 tosti
1236 1664 1396 1711 tusique

224 1722 475 1759 stomachum
518 1725 657 1758 iuvant
698 1723 786 1758 cibo
829 1727 900 1758 aut
941 1722 1184 1771 potionibus.
1239 1733 1312 1770 per
1353 1733 1396 1757 se

272 1824 283 1843 1
308 1825 380 1855 sisti
411 1824 506 1865 vnlq„
539 1823 722 1866 Detlessen:
759 1825 886 1855 sistunt
915 1824 1016 1861 codd„
1047 1822 1208 1863 Mayhoff,
1239 1822 1295 1862 qui
1323 1827 1397 1854 (mle

227 1866 342 1898 alvum
359 1873 517 1908 punctum
534 1867 643 1908 posuit
658 1872 686 1899 el
703 1866 852 1898 sistendo
868 1868 950 1898 coni.

622 2004 636 2018 ‘¹
662 2000 756 2030 Book
775 1999 876 2031 XIII.
894 1999 910 2039 ξ
930 2000 999 2030 113.

221 2063 291 2108 488
