1469 2299
401 95 566 131 PLINY
581 108 589 132 z
633 94 893 132 NATURAL
929 93 1166 131 HISTORY

157 203 177 234 3
249 197 301 234 II.
332 198 523 235 Cucumin
549 197 770 235 silvestrem
797 210 882 234 esse
908 197 1093 241 diximus,
1118 197 1244 234 multo
1269 196 1371 234 infra

195 260 513 309 magnitudinem
562 262 688 296 sativi.
745 272 794 296 ex
843 271 890 296 eo
939 258 985 295 fit
1031 258 1371 296 medicamentum

197 320 301 370 quod
328 327 489 357 vocatur
515 321 723 357 elaterium
749 334 842 357 suco
869 333 1055 370 expresso
1081 322 1235 364 semini,
1260 322 1370 357 cuius

195 395 313 419 causa
335 385 405 418 nisi
430 385 621 419 maturius
643 382 854 426 incidatur,
875 394 1013 419 semen
1036 381 1147 417 exilit
1169 381 1370 419 oculorum

196 446 318 480 etiam
369 444 553 493 periculo.
609 449 789 480 servatur
839 449 976 480 autem
1027 443 1240 492 decerptus
1292 457 1371 480 una

196 511 326 549 nocte,
380 512 538 555 postero
590 505 654 541 die
707 505 893 542 inciditur
945 504 1178 541 harundine.
1233 518 1371 541 semen

196 580 354 616 quoque
386 569 516 603 cinere
548 567 731 603 conditur
762 566 812 603 ad
842 566 1104 603 coercendam
1134 568 1216 603 suci
1248 566 1371 603 abun-

195 628 388 671 dantiam,
435 631 499 678 qui
548 642 756 678 expressus
803 630 1014 677 suscipitur
1059 641 1164 677 aqua
1208 628 1371 664 caelesti

197 695 318 739 atque
350 690 532 733 subsidit,
564 690 709 726 deinde
741 689 823 726 sole
855 691 1010 739 cogitur
1040 691 1081 725 in
1112 689 1289 738 pastillos
1321 689 1372 725 ad

196 765 360 801 magnos
392 752 616 788 mortalium
650 765 755 795 usus,
786 752 1050 788 obscuritates
1082 756 1124 787 et
1155 753 1251 787 vitia
1282 764 1371 788 ocu-

156 819 176 847 4
195 812 334 856 lorum,
365 826 558 863 genarum
598 813 740 849 ulcera.
822 812 988 849 tradunt
1026 811 1101 849 hoc
1131 825 1224 849 suco
1255 815 1372 849 tactis

196 874 390 911 radicibus
418 877 555 911 vitium
582 888 661 911 non
686 877 831 924 attingi
858 887 952 911 uvas
978 874 1028 910 ab
1054 874 1204 910 avibus.
1260 873 1372 911 radix

197 942 332 972 autem
363 949 412 972 ex
447 942 561 972 aceto
591 942 703 972 cocta
737 936 958 985 podagricis
989 935 1167 971 inlinitur
1199 949 1373 985 sucoque

197 997 377 1033 dentium
390 998 511 1034 dolori
524 998 722 1041 medetur,
734 998 843 1034 arida
854 1011 942 1033 cum
956 999 1085 1033 resina
1095 999 1373 1047 impetiginem

198 1065 238 1095 et
279 1060 451 1095 scabiem
494 1072 677 1109 quaeque
720 1072 875 1108 psoram
917 1064 958 1095 et
999 1057 1174 1095 lichenas
1216 1064 1372 1102 vocant,

197 1121 412 1170 parotidas,
432 1135 554 1170 panos
575 1127 689 1157 sanat
710 1126 751 1157 et
770 1121 1017 1157 cicatricibus
1036 1119 1207 1156 colorem
1227 1120 1373 1163 reddit,

198 1188 239 1218 et
257 1182 437 1219 foliorum
455 1196 569 1219 sucus
587 1183 746 1219 auribus
763 1182 889 1219 surdis
907 1195 996 1219 cum
1014 1187 1129 1218 aceto
1145 1181 1368 1219 instillatur.

160 1251 180 1280 5
251 1244 325 1280 III.
357 1245 531 1281 Elaterio
555 1246 817 1294 tempestivus
841 1249 902 1280 est
925 1249 1132 1287 autumno,
1154 1256 1227 1280 nec
1251 1243 1372 1280 ullum

198 1319 246 1341 ex
289 1306 590 1342 medicamentis
632 1306 807 1355 longiore
849 1318 946 1342 aevo
986 1305 1117 1342 durat.
1172 1307 1311 1354 incipit
1351 1319 1375 1342 a

197 1370 374 1404 trimatu.
430 1370 459 1404 si
498 1370 584 1417 quis
621 1369 841 1405 recentiore
879 1369 936 1403 uti
974 1366 1083 1408 velit,
1121 1366 1297 1416 pastillos
1334 1369 1373 1403 in

198 1442 298 1465 novo
327 1429 434 1465 fictili
463 1432 542 1479 igni
574 1430 682 1465 lento
711 1431 749 1465 in
779 1434 893 1465 aceto
921 1428 1070 1465 domet.
1125 1428 1266 1465 melius
1295 1442 1374 1478 quo

198 1493 404 1529 vetustius,
428 1490 583 1540 fuitque
613 1493 689 1527 iam
720 1503 762 1527 cc
792 1493 903 1526 annis
933 1495 1146 1535 servatum,
1170 1495 1215 1526 ut
1237 1495 1374 1528 auctor

199 1557 259 1588 est
300 1551 611 1601 Theophrastm,
654 1558 694 1588 et
738 1565 862 1601 usque
905 1551 956 1588 ad
997 1553 1373 1601 quinquagesimum

198 1627 345 1650 annum
392 1614 639 1650 lucernarum
686 1614 834 1650 lumina
880 1616 1092 1664 extinguit.
1148 1612 1221 1650 hoc
1267 1615 1372 1650 enim

239 1715 253 1729 ⁰
278 1711 373 1742 Book
394 1711 493 1742 XIX.
512 1711 525 1749 ξ
546 1712 595 1741 74.

244 1754 256 1773 ⁶
280 1755 368 1785 Genu
401 1755 434 1784 in
467 1755 526 1784 the
557 1765 652 1785 sense
685 1753 722 1784 of
753 1754 772 1766 ‘⁴
787 1753 896 1794 eyelid
913 1753 932 1766 '’
965 1755 992 1784 is
1024 1753 1131 1784 found
1163 1754 1196 1784 in
1230 1753 1372 1785 Ennius.

199 1797 395 1837 Propertius
412 1796 479 1827 and
498 1797 585 1828 Ovid
605 1798 679 1837 give
697 1797 723 1827 it
740 1797 799 1827 the
815 1807 911 1827 sense
928 1796 965 1827 of
980 1797 1000 1809 ‘⁶
1014 1797 1112 1836 eye.'’

241 1845 251 1858 ⁶
275 1842 335 1871 §ce
355 1844 435 1869 note
456 1850 497 1870 on
519 1841 533 1878 ξ
551 1841 614 1870 216
631 1838 696 1869 and
717 1840 970 1875 Introduction,
989 1849 1045 1880 pp.
1063 1839 1180 1870 viii—x.

244 1881 258 1900 ¹¹
282 1883 348 1912 Lit.
365 1884 384 1894 ‘⁵
400 1882 470 1913 The
485 1883 667 1913 cucumber
682 1884 708 1913 is
723 1883 794 1923 ripe
809 1883 861 1913 for
875 1882 1052 1913 elaterium
1068 1883 1101 1913 in
1117 1882 1176 1913 the
1189 1881 1373 1913 autumn.”

197 1925 417 1957 Understand
438 1926 585 1956 cucumis
606 1925 687 1956 with
708 1926 926 1966 tempestivus.

240 1973 250 1985 2
276 1967 362 1999 H.P.
382 1968 444 1998 IX.
467 1969 505 1998 14
523 1970 537 2007 ς
555 1970 582 2000 1.

195 2033 217 2062 4
