1469 2299
414 114 609 152 PLINY:
653 115 915 153 NATURAL
949 116 1184 153 HISTORY

210 215 321 259 dere,
350 229 429 265 qua
457 216 721 253 ventilatione
751 219 873 253 etiam
904 217 1021 253 utiles
1051 217 1152 253 fiunt
1179 217 1386 253 stomacho

211 272 437 318 aegrisque,
469 283 561 306 nam
592 276 633 306 et
663 270 904 320 refrigerant
936 270 1078 307 leviter
1108 276 1150 307 et
1179 270 1384 307 fastidium

211 322 413 359 auferunt.

145 381 180 411 ll
263 376 352 412 VII.
384 376 595 413 Proximae
614 390 636 412 a
654 377 873 426 pensilibus
891 379 930 412 in
949 376 1066 426 palea
1082 382 1281 420 servatae,
1295 390 1386 413 nam

211 435 253 465 et
266 432 438 466 vinaceis
453 435 635 466 servatae
651 436 692 466 et
705 436 827 479 caput
841 436 883 467 et
896 433 1068 467 vesicam
1082 436 1124 466 et
1137 430 1387 466 stomachum

212 482 421 526 infestant,
443 485 591 520 sistunt
611 490 749 520 tamen
771 484 918 527 alvum,
939 486 1176 533 sanguinem
1199 497 1385 520 excrean-

211 537 318 572 tibus
337 537 585 573 utilissimae.
642 550 746 586 quae
764 539 804 573 in
822 539 913 573 vino
932 543 1003 573 aut
1020 540 1060 573 in
1078 537 1183 574 dulci
1201 537 1388 573 conditae

211 589 324 626 fuere
354 596 476 639 caput
506 590 764 639 temptant¹;
795 604 898 640 quae
929 603 1023 627 vero
1053 593 1093 627 in
1122 596 1255 627 musto
1275 590 1388 627 fuere

214 645 391 692 peiorem
438 645 516 679 vim
562 646 785 680 etiamnum
830 643 985 681 habent
1029 657 1150 693 quam
1196 656 1300 693 quae
1345 646 1385 680 in

212 699 398 733 vinaceis.
455 710 552 746 sapa
600 710 762 747 quoque
810 697 973 734 inutiles
1021 696 1228 734 stomacho
1277 697 1386 734 facit.

148 754 183 786 12
211 750 492 787 saluberrimas
509 756 657 800 putant
674 751 819 788 medici
835 753 875 787 in
892 751 1057 787 caelesti
1075 764 1180 801 aqua
1196 756 1388 794 servatas,

212 806 369 839 etiamsi
394 806 558 840 minime
582 804 790 847 iucundas,
814 804 885 841 sed
909 804 1161 854 voluptatem
1187 817 1324 841 earum
1349 806 1387 840 in

211 856 405 893 stomachi
446 857 587 894 ardore
622 860 760 895 sentiri
796 863 838 895 et
872 860 911 894 in
947 858 1215 895 amaritudine
1250 860 1388 894 iecoris

212 910 396 960 fellisque
438 912 720 948 vomitionibus
765 917 806 948 et
848 913 887 947 in
929 911 1112 955 choleris,
1146 911 1388 962 hydropicis,

210 977 300 1000 cum
355 964 496 1001 ardore
549 964 651 1001 febri
668 965 683 988 2
736 965 1056 1015 aegrotantibus.
1114 970 1157 1001 at
1209 967 1250 1000 in
1302 965 1388 1001 ollis

211 1023 395 1054 servatae
417 1024 458 1054 et
477 1031 519 1055 os
540 1024 582 1055 et
601 1018 853 1055 stomachum
874 1024 916 1055 et
936 1018 1173 1055 aviditatem
1194 1020 1388 1062 excitant,

211 1071 331 1120 paulo
381 1077 520 1108 tamen
570 1074 772 1121 graviores
825 1074 1109 1108 existimantur
1147 1072 1231 1109 fieri
1282 1074 1388 1108 vina—

211 1138 373 1161 ceorum
421 1124 563 1161 halitu.
620 1138 721 1161 uvae
770 1124 908 1162 florem
956 1128 995 1162 in
1044 1126 1141 1162 cibis
1188 1128 1217 1161 si
1269 1125 1389 1162 edere

211 1178 437 1228 gallinacei,
460 1191 555 1215 uvas
576 1192 655 1216 non
677 1181 900 1229 attingunt.

145 1236 184 1267 13
263 1232 377 1267 VIII.
409 1232 622 1269 Sarmenta
667 1245 804 1268 earum
851 1235 890 1268 in
936 1232 1081 1281 quibus
1127 1234 1227 1268 acini
1275 1231 1388 1269 fuere

212 1285 490 1334 adstringendi
515 1288 593 1322 vim
616 1285 784 1329 habent,
808 1286 1027 1322 efficaciora
1052 1298 1099 1322 ex
1125 1285 1222 1322 ollis.

264 1339 332 1375 IX.
366 1339 504 1375 Nuclei
535 1341 738 1376 acinorum
767 1339 938 1376 eandem
968 1342 1045 1375 vim
1084 1341 1284 1388 optinent.
1350 1338 1389 1375 hi

211 1398 305 1428 sunt
320 1395 386 1441 qui
403 1395 442 1428 in
456 1395 546 1429 vino
557 1395 679 1442 capiti
697 1392 875 1430 dolorem
890 1392 1073 1429 faciant.3
1111 1395 1206 1429 tosti
1222 1394 1389 1442 tritique

262 1488 273 1508 ¹
299 1499 384 1529 quae
405 1514 411 1521 .
439 1515 445 1521 .
473 1514 480 1521 .
501 1493 676 1531 temptant
688 1495 762 1521 ante
778 1490 953 1531 proximae
966 1489 1068 1527 codd„
1082 1488 1263 1531 Dellessen:
1288 1494 1388 1521 trans.

217 1531 382 1606 ngiletiprii
401 1574 457 1606 VT
473 1587 480 1606 z
512 1574 657 1606 febrium
674 1575 767 1606 ceteri
784 1575 872 1607 codd.
890 1580 917 1607 et
934 1575 1078 1606 editores.
1136 1618 1142 1624 ·

216 1617 426 1701 Βὶῗιίἕῗῑοίαηῢ
444 1617 553 1658 plures
568 1619 670 1655 codd„
691 1617 863 1660 Dellefsen‚
883 1617 1038 1658 Mayhofs
1046 1630 1052 1649 :
1077 1617 1209 1649 faciunt
1225 1617 1277 1648 dT
1291 1617 1388 1659 vulq„

253 1773 268 1787 ‘²
291 1768 349 1801 I.e.
366 1772 468 1801 must.

257 1811 269 1831 b
292 1812 381 1843 Most
394 1811 519 1842 editors
534 1811 611 1842 read
620 1811 707 1852 febri
712 1822 775 1848 um,
791 1812 927 1852 putting
940 1821 983 1842 no
997 1821 1129 1842 comma
1142 1815 1179 1842 at
1191 1810 1388 1851 hydropicis.

210 1854 280 1885 The
308 1855 392 1886 class
420 1855 564 1885 referred
593 1859 628 1885 to
657 1854 737 1886 then
768 1854 921 1886 becomes
948 1854 1006 1885 the
1034 1865 1115 1894 very
1142 1854 1241 1885 small
1266 1864 1329 1885 one
1355 1853 1392 1884 of

210 1897 378 1938 dropsieal
404 1899 552 1938 patients
578 1897 671 1928 when
697 1898 858 1938 suffering
881 1897 968 1928 from
993 1897 1073 1938 high
1096 1897 1200 1934 sever,
1224 1897 1292 1927 and
1315 1907 1389 1928 cum

209 1942 321 1972 ardore
341 1940 401 1971 has
421 1945 457 1972 to
477 1940 516 1971 be
532 1941 635 1972 taken
656 1952 692 1971 as
711 1941 908 1981 equivalent
925 1944 961 1971 to
980 1941 1091 1971 ardore
1109 1940 1388 1979 (instrumental).

211 1983 245 2014 It
264 1984 291 2014 is
311 1984 377 2014 odd
399 1988 435 2014 to
455 1983 558 2015 select
577 1983 658 2014 such
679 1994 699 2014 a
718 1983 817 2014 small
837 1983 921 2014 class
941 1983 1028 2015 from
1048 1987 1110 2014 out
1129 1983 1188 2013 the
1207 1992 1389 2014 numerous

210 2057 279 2090 422
