1469 2299
100 308 158 339 193

102 681 161 712 194

101 1000 161 1031 195

105 1426 164 1458 196

390 94 584 130 PLINY:
629 93 889 131 NATURAL
922 93 1157 131 HISTORY

187 210 234 233 eo
265 203 306 233 et
335 202 472 233 contra
504 195 754 232 lassitudines
784 198 823 231 in
853 195 940 232 oleo
969 195 1195 245 decoquens
1225 196 1361 233 addito

187 253 301 286 nitro.
357 252 507 286 semine
542 251 623 285 eius
658 254 753 298 poto
785 248 1026 285 lassitudinis
1060 249 1250 285 auxilium
1283 252 1361 286 via-

186 304 336 340 toribus
377 303 600 352 spopondit.
658 301 888 338 Heraclides
929 302 979 338 ad
1020 302 1243 339 inflationes
1283 309 1361 339 sto-

186 355 314 393 machi
361 369 499 393 semen
546 356 671 392 tribus
712 355 846 405 digitis
887 368 977 391 cum
1024 357 1191 392 castorei
1239 356 1361 392 obolis

187 410 339 446 duobus
361 422 409 445 ex
428 409 554 445 mulso
574 409 699 452 dedit,
719 408 899 445 similiter
917 408 967 445 ad
986 410 1133 445 ventris
1153 414 1223 445 aut
1242 411 1362 445 intes-

188 466 360 500 tinorum
379 462 601 498 inflationes
621 468 662 498 et
680 461 944 510 orthopnoicis
963 462 1069 511 quod
1087 464 1210 498 ternis
1228 462 1362 512 digitis

188 516 391 565 prenderit
418 518 591 558 seminis,
619 515 858 552 tantundem
886 514 1115 565 hyoscyami
1143 528 1233 552 cum
1259 515 1363 552 lacte

188 572 350 605 asinino.
405 569 520 605 multi
558 571 762 605 vomituris
795 568 1033 604 acetabulal
1074 571 1156 605 eius
1196 574 1238 605 et
1271 568 1363 605 folia

187 623 285 659 lauri
326 623 466 658 decem
507 624 602 658 trita
643 624 681 657 in
723 635 826 670 aqua
866 621 1041 658 bibenda
1080 624 1185 658 inter
1224 635 1363 658 cenam

188 676 370 712 suadent..
425 675 695 725 strangulatus
740 674 894 718 vulvae,
938 677 969 711 si
1014 675 1278 712 manducetur
1322 681 1364 712 et

189 729 333 766 linatur
357 728 527 765 calidum
551 728 613 764 vel
636 731 666 764 si
690 729 850 764 bibatur
872 741 962 764 cum
985 734 1164 765 castoreo
1187 730 1227 764 in
1250 735 1365 765 aceto

191 788 229 818 et
268 781 400 825 melle,
437 782 564 818 sedat.
620 783 835 831 vertigines
873 794 895 817 a
932 787 1048 830 partu
1087 795 1176 818 cum
1214 784 1364 819 semine

189 837 406 872 cucumeris
440 841 481 871 et
512 835 580 871 lini
612 837 695 884 pari
728 847 913 871 mensura
944 840 1103 871 ternum
1136 835 1364 885 digitorum,

189 891 266 924 vini
310 888 386 925 albi
428 889 554 924 tribus
596 887 750 938 cyathis
792 888 966 924 discutit.
1020 888 1272 937 Tlepolemus
1315 889 1365 925 ad

189 948 404 991 quartanas
442 944 565 978 ternis
605 942 739 991 digitis
778 943 937 977 seminis
977 944 1085 977 anesi
1126 947 1167 978 et
1206 940 1365 978 feniculi

188 1009 280 1032 usus
310 1001 368 1031 est
398 998 437 1031 in
465 1001 579 1031 aceto
608 1001 647 1031 et
676 994 802 1031 mellis
830 993 975 1044 cyatho
1003 1008 1093 1031 uno.
1148 994 1246 1031 lenit
1274 998 1366 1031 arti-

189 1048 354 1085 cularios
380 1049 550 1091 morbos,
576 1062 666 1084 cum
692 1050 833 1084 amaris
860 1048 1024 1084 nucibus
1051 1048 1218 1084 inlitum.
1274 1054 1366 1085 sunt

190 1104 256 1151 qui
301 1108 342 1138 et
385 1102 565 1150 aspidum
609 1104 770 1138 venenis
813 1101 1011 1137 adversari
1055 1107 1239 1138 naturam
1283 1104 1365 1138 eius

190 1161 347 1205 putent.
403 1158 555 1191 urinam
579 1157 671 1198 ciet,
694 1157 800 1190 sitim
824 1154 997 1198 cohibet,
1020 1167 1207 1191 venerem
1229 1157 1366 1191 stimu-

190 1209 261 1251 lat,
278 1222 367 1244 cum
384 1211 473 1244 vino
490 1208 674 1244 sudorem
691 1208 834 1244 leniter
849 1213 1043 1257 praestat,
1059 1214 1190 1244 vestes
1208 1221 1367 1257 quoque

191 1275 213 1298 a
243 1264 360 1298 tineis
391 1261 584 1298 defendit.
640 1262 833 1298 efficacius
864 1274 1021 1310 semper
1050 1274 1186 1298 recens
1218 1267 1259 1298 et
1289 1275 1367 1311 quo

192 1318 353 1363 nigrius,
391 1314 595 1351 stomacho
632 1321 770 1351 tamen
807 1314 946 1351 inutile
986 1320 1046 1351 est
1084 1320 1366 1365 praeterquam

191 1368 338 1405 inflato.

243 1421 423 1458 LXXIV.
454 1422 631 1458 Anetum
670 1434 828 1471 quoque
866 1427 999 1458 ructus
1036 1426 1171 1458 movet
1209 1427 1251 1458 et
1287 1427 1366 1458 tor-

191 1477 297 1511 mina
312 1475 440 1518 sedat,
455 1475 586 1511 alvum
600 1477 716 1511 sistit.
772 1474 968 1524 epiphoris
983 1474 1134 1511 radices
1149 1474 1368 1512 inlinuntur

193 1541 241 1565 ex
269 1542 371 1577 aqua
397 1528 459 1564 vel
485 1531 586 1564 vino.
641 1528 836 1577 singultus
862 1527 1022 1564 cohibet
1047 1541 1185 1565 semen
1210 1527 1366 1565 fervens

191 1581 352 1618 olfactu.
407 1587 610 1630 sumptum
639 1595 686 1617 ex
715 1595 818 1630 aqua
845 1581 960 1618 sedat
987 1581 1216 1618 cruditates.
1271 1584 1366 1618 cinis

194 1638 276 1671 eius
310 1649 426 1671 uvam
461 1637 500 1671 in
533 1634 712 1672 faucibus
746 1635 866 1678 levat,
900 1634 1030 1672 oculos
1065 1640 1107 1672 et
1139 1637 1366 1685 genituram

191 1687 370 1725 hebetat.

273 1798 285 1817 ¹
309 1799 401 1829 Num
419 1797 534 1830 excidit
549 1800 729 1829 numerus?
776 1797 926 1829 Fortasse
942 1797 1136 1828 subauditur
1154 1797 1281 1830 decem.

351 1922 365 1936 ¹³
388 1917 447 1948 See
464 1927 521 1957 pp.
539 1917 653 1948 xi-xii.

353 1960 365 1980 ⁶
388 1959 477 1990 Here
493 1970 513 1990 a
529 1957 681 1990 numeral
697 1957 758 1990 has
774 1958 977 1999 apparently
994 1958 1094 1990 fallen
1111 1962 1182 1990 out.

199 2038 266 2064 112
