1469 2299
131 343 170 373 27

133 772 151 801 ΚΟ

155 774 173 802 OE

136 1264 177 1295 29

404 110 591 146 PLINY:
636 109 897 145 NATURAL
935 108 1169 145 HISTORY

196 216 370 250 tinorum
391 213 576 249 animalia
593 211 825 255 detrahunt,
842 211 963 248 iidem
979 211 1029 248 ad
1050 214 1190 248 tertias
1211 211 1376 249 decocto

199 288 336 311 eorum
375 280 470 324 poto
508 288 597 310 cum
636 276 726 310 vino
764 273 1036 310 enterocelicis
1074 278 1253 322 prosunt,
1291 287 1376 310 san-

198 339 361 386 guinem
386 349 545 385 quoque
570 335 752 371 inutilem
776 337 830 371 sic
855 333 1085 371 extrahunt.
1143 334 1304 371 Medius
1328 335 1378 372 ad

197 397 296 434 haec
326 403 367 434 et
397 400 632 447 sanguinem
664 397 945 432 excreantibus
975 402 1107 433 coctos
1137 395 1221 432 dari
1251 396 1377 438 iubet,

199 465 241 495 et
258 461 463 508 puerperis
483 459 532 495 ad
551 459 662 494 lactis
680 459 835 507 copiam
854 457 1095 507 augendam,
1114 457 1378 507 Hippocrates

199 523 339 570 capitis
382 520 593 556 mulierum
636 518 807 555 defluvia
851 518 1052 568 perfricari
1095 518 1295 568 raphanis,
1338 525 1378 555 et

198 595 317 631 super
358 582 587 618 umbilicum
628 583 762 630 inponi
803 586 942 617 contra
982 586 1185 617 tormenta
1225 581 1377 618 vulvae.

199 643 396 680 reducunt
427 649 469 680 et
498 645 701 679 cicatrices
732 642 782 679 ad
812 642 997 678 colorem.
1053 655 1190 679 semen
1221 655 1380 692 quoque

203 718 251 741 ex
284 718 388 754 aqua
418 707 634 753 inpositum
666 706 770 740 sistit
801 704 934 740 ulcera
964 716 1067 753 quae
1098 702 1381 754 phagedaenas

201 772 355 802 vocant.
414 766 667 802 Democritus
711 778 898 801 venerem
942 764 1014 801 hoc
1057 766 1145 802 cibo
1187 765 1380 802 stimulari

202 833 333 877 putat,
357 828 407 864 ob
431 827 470 864 id
494 827 671 863 fortassis
696 829 779 863 voci
803 840 945 863 nocere
970 826 1090 876 aliqui
1114 826 1379 863 tradiderunt.

202 888 295 925 folia
318 902 422 939 quae
447 891 486 925 in
511 889 690 938 oblongis
714 889 926 925 dumtaxat
953 893 1182 931 nascuntur,
1207 891 1381 925 excitare

201 950 402 987 oculorum
438 953 563 987 aciem
598 950 798 993 dicuntur,
834 951 899 986 ubi
934 963 1026 985 vero
1060 952 1183 986 acrior
1216 949 1379 999 raphani

201 1012 399 1048 medicina
415 1012 577 1049 admota
591 1014 655 1054 sit,
669 1011 864 1061 hysopum
879 1011 962 1047 dari
978 1013 1157 1060 protinus
1170 1013 1379 1061 imperant.

202 1073 300 1110 haec
341 1073 566 1123 antipathia
610 1079 683 1109 est.
740 1079 781 1109 et
823 1075 976 1109 aurium
1017 1075 1205 1122 gravitati
1246 1087 1380 1110 sucum

202 1134 367 1184 raphani
393 1135 599 1172 instillant.
655 1148 747 1171 narn
773 1136 978 1171 vomituris
1004 1147 1159 1171 summo
1184 1135 1271 1171 cibo
1298 1147 1382 1171 esse

204 1210 270 1233 eos
288 1197 540 1233 utilissimum
561 1202 633 1233 est.

255 1258 362 1294 XIV.
394 1257 628 1295 Pastinacae
655 1258 781 1294 simile
809 1257 1017 1301 hibiscum,
1044 1257 1150 1306 quod
1177 1256 1382 1294 molochen

203 1322 340 1370 agrian
375 1326 518 1356 vocant
556 1326 598 1356 et
634 1320 755 1369 aliqui
790 1318 1140 1371 πλειστολοχείαν,
1174 1319 1384 1362 ulceribus,

203 1381 439 1431 cartilagini,
473 1382 624 1418 ossibus
659 1381 792 1418 fractis
827 1380 1024 1418 medetur.
1092 1380 1185 1418 folia
1218 1383 1302 1417 eius
1335 1394 1383 1417 ex

204 1457 308 1492 aqua
331 1449 428 1492 pota
450 1443 582 1480 alvum
605 1443 777 1486 solvunt,
799 1448 1008 1491 serpentes
1031 1443 1214 1493 abigunt,
1237 1445 1384 1492 apium,

205 1518 429 1553 vesparum,
484 1506 721 1541 crabronum
782 1505 925 1540 ictibus
981 1504 1094 1541 inlita
1158 1503 1383 1540 medentur.

206 1566 379 1602 radicem
402 1569 485 1602 eius
509 1573 602 1602 ante
625 1567 714 1602 solis
737 1572 869 1602 ortum
892 1571 1048 1603 erutam
1070 1565 1275 1602 involvunt
1296 1565 1386 1602 lana

205 1627 342 1664 coloris
375 1642 494 1678 quern
526 1631 705 1664 nativum
738 1633 894 1671 vocant,
926 1633 1138 1677 praeterea
1169 1629 1249 1664 ovis
1281 1640 1385 1677 quae

207 1688 396 1727 feminam
418 1692 588 1739 peperit,
610 1692 852 1739 strumisque
875 1689 936 1725 vel
957 1691 1185 1738 suppuratis
1207 1688 1384 1738 alligant.

207 1751 369 1800 quidam
403 1751 454 1788 ad
488 1751 592 1788 hunc
627 1765 741 1787 usum
776 1765 871 1787 auro
906 1750 1172 1787 effodiendam
1207 1757 1386 1793 censent,

271 1879 284 1893 ‘³
309 1876 367 1906 I.e.
387 1876 641 1906 extravasated.
837 1877 848 1895 ὓ
872 1876 931 1906 See
949 1875 1199 1911 Introduction,
1217 1885 1250 1915 p.
1267 1885 1299 1907 x.

274 1923 285 1937 ⁰
311 1917 392 1948 This
409 1919 436 1948 is
453 1929 472 1948 a
492 1917 623 1948 Plinian
643 1928 699 1948 use
718 1917 756 1948 of
770 1928 857 1948 nam.

273 1960 287 1979 ‘¹
314 1961 372 1992 See
390 1972 422 2002 p.
444 1961 513 1997 128,
531 1972 563 1993 n.
581 1962 608 1992 b.

209 2029 252 2063 18
