1469 2299
109 586 149 615 :36

109 1490 149 1520 38

382 128 574 166 PLINY:
620 129 880 166 NATURAL
915 129 1148 167 HISTORY

172 238 327 269 coctam
394 231 647 268 conditamve
717 231 914 280 professus
984 234 1169 275 arteriae,
1238 235 1349 275 tussi,

173 301 445 345 destillationi,
499 300 716 344 stomacho,
772 303 897 350 panis,
952 301 1211 350 parotidibus,
1266 314 1348 350 per-

174 372 370 413 nionibus,
395 384 485 407 curn
509 370 596 407 oleo
621 370 820 414 sudorem,
846 376 999 407 coctam
1025 383 1114 407 cum
1139 369 1352 421 conchyliis

173 443 276 477 ciere
295 440 440 483 alvum,
458 454 549 477 cum
568 442 696 476 tisana
714 445 854 489 pectus
872 453 1043 490 purgare
1061 440 1352 490 mulierumque

173 523 344 553 menses,
384 523 474 546 cum
513 509 595 546 sale
636 509 768 546 ulcera
809 522 912 559 quae
952 515 1115 558 serpant
1155 509 1350 546 cohibere.

175 593 268 616 suco
305 592 463 629 quoque
502 582 539 615 in
577 593 649 616 usu
687 584 759 616 est.
816 592 1025 628 expressus
1062 578 1196 616 inlitus
1233 578 1350 616 fronti

174 652 410 699 sanguinem
433 651 587 685 narium
611 651 728 692 sistit,
751 654 870 698 potus
893 651 1047 685 urinam
1070 651 1162 692 ciet,
1184 648 1353 686 calculos

175 721 337 768 rumpit,
366 732 482 755 uvam
511 721 784 769 gargarizatus
814 720 1003 768 reprimit.
1059 731 1197 755 semen
1224 718 1351 769 colligi

175 789 368 825 messibus
391 793 562 838 oportet.
619 788 936 824 Alexandrinum
958 790 1131 824 maxime
1154 788 1351 825 laudatur.

176 858 225 894 ad
253 860 385 895 omnia
411 857 510 894 haec
538 863 580 894 et
605 860 783 894 mitiores
811 857 974 907 quidem
1000 863 1246 908 teneraeque
1274 858 1350 894 effi-

174 941 301 972 caces,
332 927 403 964 sed
433 930 647 977 praecipue
678 927 867 964 silvestris
898 927 977 971 illa,
1009 933 1051 964 et
1081 926 1155 964 hoc
1186 927 1353 977 amplius

176 997 304 1047 lepras
325 1010 346 1034 e
366 997 467 1034 facie
486 997 591 1034 tollit
610 999 650 1033 in
669 999 759 1034 vino
779 1003 886 1047 pota.
941 999 972 1034 si
992 996 1205 1047 quadripes
1226 996 1352 1034 fetum

175 1081 253 1104 non
274 1067 478 1111 admittat,
499 1069 626 1104 urtica
646 1072 832 1104 naturam
852 1066 1070 1104 fricandam
1089 1072 1325 1104 monstrant.

230 1137 336 1173 XVI.
368 1137 427 1173 Ea
473 1150 632 1187 quoque
680 1149 801 1186 quam
848 1136 1010 1173 lamium
1056 1138 1161 1173 inter
1205 1149 1355 1187 genera

177 1219 315 1243 earum
337 1206 637 1256 appellavimus,
658 1208 867 1243 mitissima
889 1211 930 1243 et
951 1205 1052 1243 foliis
1073 1219 1152 1243 non
1172 1206 1353 1243 morden—

176 1276 296 1319 tibus,
323 1276 509 1312 medetur
535 1289 625 1312 cum
652 1278 754 1312 mica
779 1275 869 1312 salis
896 1278 1069 1312 contusis
1096 1277 1354 1325 incussisque,

176 1348 315 1382 inustis
347 1351 387 1382 et
416 1348 590 1390 strumis,
620 1346 855 1390 tumoribus,
884 1346 1084 1395 podagris,
1113 1345 1352 1383 vulneribus.

176 1415 310 1451 album
350 1414 473 1452 habet
511 1417 551 1451 in
590 1415 722 1452 medio
762 1414 854 1452 folio
894 1415 1001 1465 quod
1039 1415 1197 1465 ignibus
1235 1418 1353 1452 sacris

175 1485 372 1522 medetur.
429 1485 591 1535 quidam
640 1498 661 1521 e
711 1487 853 1522 nostris
902 1490 1084 1534 tempore
1132 1485 1353 1522 discrevere

176 1567 338 1604 genera,
370 1561 411 1591 et
441 1554 682 1591 autumnalis
713 1557 863 1591 urticae
894 1554 1067 1592 radicem
1097 1554 1353 1605 adalligatam

176 1626 215 1659 in
243 1626 425 1660 tertianis
454 1627 511 1661 ita
539 1630 584 1661 ut
612 1627 721 1675 aegri
750 1630 1044 1674 nuncupentur,
1072 1637 1162 1661 cum
1192 1630 1355 1661 eruatur

177 1706 223 1729 ea
252 1693 378 1737 radix,
409 1694 645 1743 dicaturque
675 1696 736 1730 cui
767 1699 808 1731 et
837 1707 1005 1744 quorum
1034 1693 1112 1730 filio
1142 1695 1354 1738 eximatur,

176 1762 343 1799 liberare
384 1764 522 1800 morbo
564 1763 832 1807 tradiderunt,
873 1763 946 1800 hoc
987 1763 1091 1800 idem
1134 1769 1176 1800 et
1216 1768 1354 1800 contra

175 1839 391 1882 quartanas
416 1833 577 1882 pollere.
633 1833 753 1870 iidem
778 1835 930 1870 urticae
953 1833 1086 1870 radice
1110 1833 1247 1870 addjto
1271 1832 1353 1870 sale

336 1999 351 2014 ‘²
372 1994 433 2026 See
450 1994 550 2026 XXI.
567 1995 581 2033 ξ
599 1995 651 2027 93.
866 1993 878 2012 ⁶
899 1994 961 2026 See
978 2005 1010 2036 p.
1027 1995 1097 2026 xiii.

175 2056 244 2103 318
