1469 2299
155 244 197 274 33

161 712 202 742 34

165 1064 205 1094 35

429 136 623 173 PLINY:
668 137 931 173 NATURAL
964 137 1199 174 HISTORY

281 238 368 275 XX.
399 237 679 275 Surrentinum
730 245 886 275 veteres
939 242 1111 275 maxime
1163 239 1398 288 probavere,

226 310 398 346 sequens
418 302 530 333 aetas
552 297 752 333 Albanum
772 303 842 333 aut
863 296 1076 334 Falernum
1097 303 1137 334 et
1157 297 1303 333 deinde
1323 297 1399 333 alia

227 355 290 391 alii
320 358 566 404 iniquissimo
593 368 743 405 genere
770 355 920 392 decreti
953 356 1058 405 quod
1086 358 1230 405 cuique
1257 358 1397 405 gratis-

227 416 369 450 simum
408 416 552 450 ceteris
594 414 777 450 omnibus
821 414 1139 463 pronuntiand03
1182 413 1316 463 quodl
1358 420 1402 450 ut

227 478 459 509 constarent
474 475 717 516 sententiae,
733 478 858 522 quota
871 475 1002 522 portio
1017 478 1156 509 tamen
1170 473 1401 509 mortalium

230 530 287 567 his
320 532 539 580 generibus
583 536 720 580 posset
753 531 833 568 uti!
878 534 956 568 iam
989 544 1082 568 vero
1115 544 1188 568 nec
1220 544 1404 580 proceres

229 603 407 639 unquam
426 592 600 626 sinceris.
659 603 705 626 eo
725 603 872 626 venere
892 603 1022 627 mores
1043 595 1087 626 ut
1106 593 1268 626 nomina
1287 590 1404 626 modo

230 648 421 684 cellarum
469 654 659 693 veneant,
707 651 847 685 statim
894 651 933 685 in
982 648 1130 685 lacibus
1179 648 1403 685 vindemiae

230 706 522 743 adulterentur.
575 720 685 757 ergo,
700 707 908 751 Hercules,
922 709 1067 744 mirum
1081 707 1206 750 dictu,
1219 710 1404 744 innocen-

230 768 308 802 tius
330 768 408 801 iam
432 771 494 802 est
517 766 799 815 quodcumque
822 772 863 802 et
886 765 1110 816 ignobilius.
1167 765 1242 801 hae
1264 771 1403 802 tamen

231 823 343 860 fere2
373 827 722 861 constantissimae
760 824 948 861 videntur
977 827 1206 861 sententiae
1236 837 1404 873 quarum

230 885 478 919 mentionem
503 882 681 920 fecimus.
739 886 769 920 si
795 886 882 932 quis
907 882 980 919 hoc
1005 895 1167 932 quoque
1191 882 1404 919 discrimen

232 944 371 991 exigit,
415 941 627 978 Falernum
669 955 742 978 nec
782 944 822 978 in
864 944 1045 978 novitate
1086 954 1160 978 nec
1200 944 1239 977 in
1283 944 1404 978 nimia

233 1006 437 1036 vetustate
466 1003 616 1050 corpori
649 1000 807 1037 salubre
837 1006 910 1037 est.
966 1000 1099 1037 media
1129 1003 1212 1036 eius
1243 1006 1355 1037 aetas
1384 1013 1407 1036 a

235 1071 282 1095 xv
313 1061 425 1095 annis
454 1062 605 1108 incipit.
662 1062 700 1095 in
732 1059 903 1109 frigid03
932 1065 1030 1109 potu
1060 1058 1266 1095 stomacho
1296 1058 1408 1102 utile,

233 1131 310 1154 non
334 1120 431 1154 item
456 1120 494 1154 in
517 1118 657 1154 calida.
713 1118 894 1155 diutinae
917 1121 1015 1155 tussi
1039 1118 1225 1154 sorbetur
1248 1130 1404 1154 merum

235 1176 386 1213 utiliter
417 1190 439 1212 a
471 1179 626 1221 ieiunis,
659 1179 757 1214 item
789 1180 827 1213 in
860 1179 1078 1226 quartanis.
1136 1176 1243 1213 nullo
1276 1189 1405 1226 aeque

234 1248 359 1272 venae
384 1238 624 1273 excitantur.
681 1236 812 1272 alvum
836 1239 955 1280 sistit,
979 1249 1120 1285 corpus
1145 1235 1227 1272 alit.
1283 1235 1408 1272 credi-

235 1299 320 1330 tum
358 1300 419 1331 est
455 1295 746 1331 obscuritatem
782 1297 887 1331 visus
923 1294 1070 1338 facere,
1106 1307 1180 1330 nec
1215 1294 1409 1344 prodesse

235 1355 364 1389 nervis
381 1359 451 1390 aut
468 1356 636 1390 vesicae.
692 1353 851 1390 Albana
866 1355 996 1390 nervis
1013 1353 1185 1396 utiliora,
1202 1352 1409 1389 stomacho

235 1414 364 1447 minus
384 1425 488 1461 quae
507 1418 601 1449 sunt
620 1412 764 1456 dulcia,
785 1418 946 1449 austera
965 1411 1026 1448 vel
1048 1411 1216 1448 Falerno
1237 1411 1408 1448 utiliora.

233 1473 532 1507 concoctionem
570 1473 700 1507 minus
733 1471 938 1514 adiuvant,
970 1469 1221 1507 stomachum
1253 1470 1409 1506 modice

236 1529 425 1578 implent;
482 1535 524 1566 at
565 1529 799 1566 Surrentina
851 1529 958 1566 nullo
1000 1529 1131 1572 modo,
1174 1541 1248 1565 nee
1289 1534 1412 1578 caput

286 1614 298 1634 ¹
323 1615 413 1655 quod
431 1616 519 1647 codd.
537 1628 544 1647 ε
577 1621 659 1656 quot
679 1615 849 1658 Detlefsen.

284 1657 296 1676 ²
322 1658 390 1689 fere
407 1659 490 1690 coni.
509 1658 672 1700 Detlessen
688 1672 694 1690 :
726 1659 832 1690 fecere
849 1664 906 1690 aut
923 1658 1033 1690 faeere
1050 1659 1138 1690 codd.

285 1701 299 1720 ³
322 1703 355 1732 in
373 1702 494 1743 frigido
512 1701 619 1743 Silliy,
641 1701 821 1743 Detlessen:
852 1701 973 1743 frigido
995 1701 1148 1741 Mayhoff
1160 1727 1165 1731 .
1198 1700 1304 1742 rigido
1320 1701 1411 1733 codd.

276 1792 290 1807 ⁴¹
315 1787 361 1820 Or
395 1788 584 1819 “sinews.”
631 1788 759 1819 Nerves
792 1788 860 1819 and
892 1789 1011 1819 sinews
1046 1798 1129 1818 were
1161 1792 1223 1818 not.
1254 1792 1314 1828 yet,
1346 1787 1410 1818 dis·

235 1830 439 1872 tinguished.
487 1831 632 1871 Speneer
641 1841 720 1871 says
732 1834 789 1871 (on
803 1830 916 1863 Celsus
929 1831 976 1863 II.
995 1832 1024 1861 8.
1037 1831 1053 1871 ξ
1068 1832 1124 1868 40)
1139 1830 1216 1861 that
1229 1830 1274 1861 all
1285 1830 1412 1861 fibrous

235 1875 355 1905 tissues
402 1874 468 1904 and
513 1873 735 1911 membranes,
784 1873 890 1905 which
938 1884 1023 1904 were
1068 1873 1229 1914 regarded
1275 1883 1312 1904 as
1354 1873 1412 1904 the

238 1917 357 1957 vitally
385 1918 498 1947 active
526 1921 630 1957 parts,
676 1927 760 1947 were
798 1917 997 1957 designated
1026 1916 1070 1956 by
1097 1916 1196 1948 nervi.
1244 1916 1314 1946 The
1343 1915 1412 1947 soft

237 1959 392 1991 material
409 1960 444 1990 in
465 1959 523 1990 the
542 1970 686 1991 nervous
708 1964 836 2000 system
860 1959 927 1990 and
947 1959 1090 1990 muscles
1112 1969 1179 1990 was
1199 1958 1306 1990 called
1327 1969 1411 1995 caro,

239 2003 307 2034 and
321 2002 443 2034 looked
459 2013 551 2044 upon
567 2013 604 2034 as
620 2002 779 2044 padding.

239 2059 309 2108 436
