1469 2299
121 439 183 470 200

122 941 179 973 201

120 1448 181 1480 202

121 1882 182 1914 203

412 114 606 151 PLINY:
651 114 912 152 NATURAL
945 114 1180 152 HISTORY

210 220 343 266 opium
384 223 538 253 vocant.
593 218 647 253 sic
687 218 829 253 scimus
862 219 1148 266 interemptum
1178 215 1220 253 P.
1259 216 1380 253 Licini

210 290 404 325 Caecinae
438 291 623 338 praetorii
659 291 726 324 viri
761 294 917 338 patrem
951 291 990 325 in
1024 289 1215 338 Hispania
1246 289 1383 330 Bavili,

209 375 297 398 cum
332 361 519 398 valetudo
553 361 767 410 inpetibilis
790 361 923 397 odium
946 363 1052 398 vitae
1086 360 1258 404 fecisset,
1286 363 1383 398 item

209 433 418 483 plerosque
448 433 554 470 alios.
611 446 689 483 qua
719 433 770 470 de
806 447 924 470 causa
960 446 1106 484 magna
1142 436 1384 470 concertatio

211 508 358 542 extitit.
415 506 608 556 Diagoras
639 511 680 542 et
709 506 971 542 Erasistratus
1001 508 1039 542 in
1068 511 1198 542 totum
1223 505 1383 542 damna-

212 592 304 615 vere
350 584 395 615 ut
441 577 703 621 mortiferum,
740 578 892 614 infundi
931 584 1115 615 vetantes
1160 584 1385 628 praeterea,

210 650 394 697 quoniam
430 650 524 684 visui
561 653 734 684 noceret.
789 647 942 684 addidit
976 647 1156 684 Andreas
1189 647 1279 684 ideo
1307 661 1384 684 non

210 723 388 770 protinus
419 722 621 756 excaecari
653 733 713 763 eo,
742 722 929 769 quoniam
953 719 1246 756 adulteraretur
1265 719 1383 757 Alex-

212 792 386 829 andriae.
441 792 511 829 sed
556 798 696 841 postea
738 805 830 829 usus
876 795 957 828 eius
1011 805 1089 828 non
1141 793 1384 841 improbatus

212 871 272 901 est
308 864 602 901 medicamento
641 864 758 901 nobili
796 864 902 914 quod
937 860 1002 900 διὰ
1031 861 1201 901 κωὸυῶν
1229 871 1383 902 vocant.

211 940 361 973 semine
384 950 543 986 quoque
566 939 648 973 eius
671 939 766 973 trito
789 939 828 972 in
850 936 1026 986 pastillos
1050 949 1071 973 e
1093 936 1197 973 lacte
1218 943 1386 974 utuntur

210 1010 259 1046 ad
277 1023 472 1052 somnum,
489 1011 586 1045 item
605 1009 653 1045 ad
672 1011 812 1058 capitis
829 1008 982 1045 dolores
1000 1022 1088 1045 cum
1107 1022 1279 1054 rosaceo,
1296 1023 1384 1046 cum

210 1081 282 1118 hoc
312 1087 353 1118 et
383 1084 534 1117 aurium
565 1081 686 1118 dolori
718 1081 941 1118 instillatur.
996 1081 1180 1131 podagris
1209 1081 1386 1119 inlinitur

209 1167 298 1190 cum
315 1153 418 1190 lacte
436 1153 766 1197 mulierum,—sie
783 1159 824 1190 et
842 1153 941 1190 foliis
959 1156 1050 1203 ipsis
1068 1157 1384 1191 utuntur—item

209 1227 259 1263 ad
294 1229 405 1276 ignes
439 1239 567 1262 sacros
603 1232 644 1263 et
679 1226 840 1262 vulnera
875 1239 923 1262 ex
958 1232 1084 1263 aceto.
1141 1239 1215 1276 ego
1248 1233 1385 1264 tamen

211 1299 481 1335 damnaverim
521 1298 689 1349 collyriis
730 1298 836 1343 addi,
876 1298 1083 1348 multoque
1122 1301 1247 1349 magis
1288 1312 1384 1349 quas

211 1377 351 1407 vocant
373 1366 661 1420 ληξιπυρέτους
681 1384 860 1421 quasque
880 1367 1078 1411 πεπτικὰς
1099 1377 1141 1408 et
1161 1367 1382 1412 κοιλιακάς.

209 1446 363 1493 nigrum
409 1449 546 1480 tamen
590 1443 768 1480 coeliacis
814 1446 853 1480 in
897 1446 986 1480 vino
1030 1443 1159 1480 datur.
1215 1446 1383 1481 sativum

208 1529 325 1552 omne
345 1518 483 1552 maius.
540 1515 710 1552 rotunda
731 1518 766 1552 ei
786 1519 931 1565 capita,
952 1521 994 1552 at
1015 1516 1182 1553 silvestri
1202 1516 1320 1567 longa
1340 1530 1385 1554 ac

207 1588 361 1638 pusilla,
378 1588 448 1624 sed
464 1588 514 1625 ad
530 1601 666 1625 omnes
683 1587 846 1625 effectus
868 1588 1098 1625 valentiora.
1150 1588 1385 1639 decoquitur

209 1666 251 1697 et
270 1661 420 1697 bibitur
439 1666 576 1697 contra
595 1660 761 1711 vigilias,
782 1661 1004 1710 eademque
1025 1674 1127 1710 aqua
1147 1648 1283 1698 fovent
1303 1674 1382 1698 ora.

208 1735 404 1782 optimum
439 1735 478 1769 in
511 1735 620 1769 siccis
656 1739 696 1770 et
730 1733 797 1770 ubi
831 1746 918 1770 raro
951 1733 1075 1783 pluat.
1130 1747 1219 1770 cum
1252 1736 1384 1784 capita

209 1807 293 1854 ipsa
328 1811 369 1842 et
402 1805 495 1842 folia
528 1805 784 1849 decocuntur,
818 1819 932 1842 sucus
965 1809 1188 1842 meconium
1222 1812 1384 1843 vocatur

210 1877 379 1914 multum
430 1880 519 1927 opio
570 1880 757 1927 ignavior.
824 1880 1143 1928 experimentum
1193 1880 1271 1928 opii
1323 1885 1383 1915 est

208 1951 378 1999 primum
402 1952 442 1986 in
466 1950 834 1987 odore—sincerum
860 1953 964 1987 enim
988 1953 1145 2000 perpeti
1170 1964 1247 1987 non
1272 1956 1383 1989 est-

215 2032 282 2068 116
