<?xml version="1.0" encoding="UTF-8"?>
<!DOCTYPE html PUBLIC "-//W3C//DTD XHTML 1.0 Transitional//EN"
    "http://www.w3.org/TR/xhtml1/DTD/xhtml1-transitional.dtd">
<html xmlns="http://www.w3.org/1999/xhtml" xml:lang="en" lang="en">
 <head>
  <title>
</title>
<meta http-equiv="Content-Type" content="text/html;charset=utf-8" />
  <meta name='ocr-system' content='tesseract 3.04.00' />
  <meta name='ocr-capabilities' content='ocr_page ocr_carea ocr_par ocr_line ocrx_word'/>
</head>
<body>
  <div class='ocr_page' id='page_1' title='image "./naturalhistory06plinuoft/naturalhistory06plinuoft_0482.png"; bbox 0 0 1469 2299; ppageno 0'>
   <div class='ocr_carea' id='block_1_1' title="bbox 436 133 1206 171">
    <p class='ocr_par' dir='ltr' id='par_1_1' title="bbox 436 133 1206 171">
     <span class='ocr_line' id='line_1_1' title="bbox 436 133 1206 171; baseline 0 -1"><span class='ocrx_word' id='word_1_1' title='bbox 436 133 631 170; x_wconf 86' lang='lat' dir='ltr'>PLINY:</span> <span class='ocrx_word' id='word_1_2' title='bbox 675 133 938 170; x_wconf 85' lang='lat' dir='ltr'>NATURAL</span> <span class='ocrx_word' id='word_1_3' title='bbox 971 133 1206 171; x_wconf 89' lang='lat' dir='ltr'>HISTORY</span> 
     </span>
    </p>
   </div>
   <div class='ocr_carea' id='block_1_2' title="bbox 169 235 1411 1193">
    <p class='ocr_par' dir='ltr' id='par_1_2' title="bbox 169 235 1411 1193">
     <span class='ocr_line' id='line_1_2' title="bbox 234 235 1406 286; baseline 0.001 -14"><span class='ocrx_word' id='word_1_4' title='bbox 234 235 484 285; x_wconf 78' lang='lat' dir='ltr'>multipedae</span> <span class='ocrx_word' id='word_1_5' title='bbox 532 249 719 272; x_wconf 90' lang='lat' dir='ltr'><strong>morsum.</strong></span> <span class='ocrx_word' id='word_1_6' title='bbox 775 235 948 272; x_wconf 88' lang='lat' dir='ltr'><strong>calidum</strong></span> <span class='ocrx_word' id='word_1_7' title='bbox 995 239 1035 272; x_wconf 90' lang='lat' dir='ltr'><strong>in</strong></span> <span class='ocrx_word' id='word_1_8' title='bbox 1080 249 1260 286; x_wconf 84' lang='lat' dir='ltr'>spongea</span> <span class='ocrx_word' id='word_1_9' title='bbox 1305 236 1406 273; x_wconf 84' lang='lat' dir='ltr'><strong>autl</strong></span> 
     </span>
     <span class='ocr_line' id='line_1_3' title="bbox 234 305 1407 356; baseline 0.002 -15"><span class='ocrx_word' id='word_1_10' title='bbox 234 305 391 342; x_wconf 89' lang='lat' dir='ltr'><strong>adiecto</strong></span> <span class='ocrx_word' id='word_1_11' title='bbox 409 305 607 355; x_wconf 85' lang='lat' dir='ltr'>sulphuris</span> <span class='ocrx_word' id='word_1_12' title='bbox 625 310 814 341; x_wconf 79' lang='lat' dir='ltr'><strong>sextante</strong></span> <span class='ocrx_word' id='word_1_13' title='bbox 831 307 1016 342; x_wconf 80' lang='lat' dir='ltr'><strong>sextariis</strong></span> <span class='ocrx_word' id='word_1_14' title='bbox 1034 306 1161 342; x_wconf 90' lang='lat' dir='ltr'><strong>tribus</strong></span> <span class='ocrx_word' id='word_1_15' title='bbox 1179 311 1249 342; x_wconf 88' lang='lat' dir='ltr'><strong>aut</strong></span> <span class='ocrx_word' id='word_1_16' title='bbox 1265 305 1407 356; x_wconf 88' lang='lat' dir='ltr'><strong>hysopi</strong></span> 
     </span>
     <span class='ocr_line' id='line_1_4' title="bbox 234 374 1407 426; baseline 0.001 -15"><span class='ocrx_word' id='word_1_17' title='bbox 234 374 422 412; x_wconf 88' lang='lat' dir='ltr'><strong>fasciculo</strong></span> <span class='ocrx_word' id='word_1_18' title='bbox 466 375 654 411; x_wconf 88' lang='lat' dir='ltr'><strong>medetur</strong></span> <span class='ocrx_word' id='word_1_19' title='bbox 699 380 741 411; x_wconf 92' lang='lat' dir='ltr'><strong>et</strong></span> <span class='ocrx_word' id='word_1_20' title='bbox 785 375 889 411; x_wconf 92' lang='lat' dir='ltr'><strong>sedis</strong></span> <span class='ocrx_word' id='word_1_21' title='bbox 934 377 1062 418; x_wconf 83' lang='lat' dir='ltr'><strong>vitiis3</strong></span> <span class='ocrx_word' id='word_1_22' title='bbox 1120 378 1160 411; x_wconf 93' lang='lat' dir='ltr'><strong>in</strong></span> <span class='ocrx_word' id='word_1_23' title='bbox 1205 379 1407 426; x_wconf 82' lang='lat' dir='ltr'><strong>sanguinis</strong></span> 
     </span>
     <span class='ocr_line' id='line_1_5' title="bbox 236 444 1408 494; baseline 0.001 -13"><span class='ocrx_word' id='word_1_24' title='bbox 236 444 426 481; x_wconf 87' lang='lat' dir='ltr'><strong>fluctione</strong></span> <span class='ocrx_word' id='word_1_25' title='bbox 456 450 546 494; x_wconf 89' lang='lat' dir='ltr'><strong>post</strong></span> <span class='ocrx_word' id='word_1_26' title='bbox 576 447 728 481; x_wconf 89' lang='lat' dir='ltr'><strong>excisos</strong></span> <span class='ocrx_word' id='word_1_27' title='bbox 749 444 919 481; x_wconf 88' lang='lat' dir='ltr'><strong>calculos</strong></span> <span class='ocrx_word' id='word_1_28' title='bbox 942 450 984 481; x_wconf 93' lang='lat' dir='ltr'><strong>et</strong></span> <span class='ocrx_word' id='word_1_29' title='bbox 1012 447 1118 481; x_wconf 91' lang='lat' dir='ltr'><strong>omni</strong></span> <span class='ocrx_word' id='word_1_30' title='bbox 1149 445 1226 481; x_wconf 86' lang='lat' dir='ltr'><strong>alia</strong></span> <span class='ocrx_word' id='word_1_31' title='bbox 1247 445 1340 482; x_wconf 90' lang='lat' dir='ltr'><strong>foris</strong></span> <span class='ocrx_word' id='word_1_32' title='bbox 1368 448 1408 482; x_wconf 91' lang='lat' dir='ltr'><strong>in</strong></span> 
     </span>
     <span class='ocr_line' id='line_1_6' title="bbox 236 514 1408 564; baseline 0.002 -14"><span class='ocrx_word' id='word_1_33' title='bbox 236 527 415 564; x_wconf 84' lang='lat' dir='ltr'><strong>spongea</strong></span> <span class='ocrx_word' id='word_1_34' title='bbox 436 517 669 563; x_wconf 90' lang='lat' dir='ltr'><strong>inpositum,</strong></span> <span class='ocrx_word' id='word_1_35' title='bbox 692 517 799 551; x_wconf 90' lang='lat' dir='ltr'><strong>intus</strong></span> <span class='ocrx_word' id='word_1_36' title='bbox 822 519 963 563; x_wconf 91' lang='lat' dir='ltr'><strong>potum</strong></span> <span class='ocrx_word' id='word_1_37' title='bbox 985 514 1141 564; x_wconf 79' lang='lat' dir='ltr'><strong>cyathis</strong></span> <span class='ocrx_word' id='word_1_38' title='bbox 1163 515 1265 551; x_wconf 91' lang='lat' dir='ltr'><strong>binis</strong></span> <span class='ocrx_word' id='word_1_39' title='bbox 1288 528 1408 564; x_wconf 90' lang='lat' dir='ltr'><strong>quam</strong></span> 
     </span>
     <span class='ocr_line' id='line_1_7' title="bbox 169 583 1407 634; baseline 0.002 -15"><span class='ocrx_word' id='word_1_40' title='bbox 169 591 209 619; x_wconf 84' lang='lat'><strong>56</strong></span> <span class='ocrx_word' id='word_1_41' title='bbox 238 587 485 621; x_wconf 87' lang='lat' dir='ltr'><strong>acerrimum.</strong></span> <span class='ocrx_word' id='word_1_42' title='bbox 554 583 837 634; x_wconf 86' lang='lat' dir='ltr'><strong>conglobatum</strong></span> <span class='ocrx_word' id='word_1_43' title='bbox 875 586 1014 634; x_wconf 86' lang='lat' dir='ltr'><strong>utique</strong></span> <span class='ocrx_word' id='word_1_44' title='bbox 1052 587 1286 634; x_wconf 86' lang='lat' dir='ltr'><strong>sanguinem</strong></span> <span class='ocrx_word' id='word_1_45' title='bbox 1332 585 1407 622; x_wconf 84' lang='lat' dir='ltr'><strong>dis-</strong></span> 
     </span>
     <span class='ocr_line' id='line_1_8' title="bbox 235 653 1407 704; baseline 0.001 -14"><span class='ocrx_word' id='word_1_46' title='bbox 235 657 350 690; x_wconf 88' lang='lat' dir='ltr'><strong>cutit.</strong></span> <span class='ocrx_word' id='word_1_47' title='bbox 406 659 547 690; x_wconf 85' lang='lat' dir='ltr'><strong>contra</strong></span> <span class='ocrx_word' id='word_1_48' title='bbox 595 653 768 691; x_wconf 85' lang='lat' dir='ltr'><strong>lichenas</strong></span> <span class='ocrx_word' id='word_1_49' title='bbox 819 658 862 690; x_wconf 87' lang='lat' dir='ltr'><strong>et</strong></span> <span class='ocrx_word' id='word_1_50' title='bbox 907 654 1059 690; x_wconf 86' lang='lat' dir='ltr'><strong>bibitur</strong></span> <span class='ocrx_word' id='word_1_51' title='bbox 1101 659 1144 691; x_wconf 91' lang='lat' dir='ltr'><strong>et</strong></span> <span class='ocrx_word' id='word_1_52' title='bbox 1191 656 1407 704; x_wconf 87' lang='lat' dir='ltr'><strong>inponitur.</strong></span> 
     </span>
     <span class='ocr_line' id='line_1_9' title="bbox 234 723 1409 769; baseline 0.001 -9"><span class='ocrx_word' id='word_1_53' title='bbox 234 727 341 760; x_wconf 86' lang='lat' dir='ltr'><strong>sistit</strong></span> <span class='ocrx_word' id='word_1_54' title='bbox 359 724 492 760; x_wconf 88' lang='lat' dir='ltr'><strong>alvum</strong></span> <span class='ocrx_word' id='word_1_55' title='bbox 513 729 553 760; x_wconf 88' lang='lat' dir='ltr'><strong>et</strong></span> <span class='ocrx_word' id='word_1_56' title='bbox 574 723 882 760; x_wconf 88' lang='lat' dir='ltr'><strong>rheumatismos</strong></span> <span class='ocrx_word' id='word_1_57' title='bbox 900 726 1202 760; x_wconf 89' lang='lat' dir='ltr'><strong>interaneorum</strong></span> <span class='ocrx_word' id='word_1_58' title='bbox 1219 723 1409 769; x_wconf 89' lang='lat' dir='ltr'><strong>infusum,</strong></span> 
     </span>
     <span class='ocr_line' id='line_1_10' title="bbox 235 793 1409 843; baseline 0.002 -13"><span class='ocrx_word' id='word_1_59' title='bbox 235 796 334 830; x_wconf 89' lang='lat' dir='ltr'><strong>item</strong></span> <span class='ocrx_word' id='word_1_60' title='bbox 354 793 605 843; x_wconf 88' lang='lat' dir='ltr'><strong>procidentia</strong></span> <span class='ocrx_word' id='word_1_61' title='bbox 618 793 633 816; x_wconf 85' lang='lat'><strong>²</strong></span> <span class='ocrx_word' id='word_1_62' title='bbox 653 793 758 830; x_wconf 89' lang='lat' dir='ltr'><strong>sedis</strong></span> <span class='ocrx_word' id='word_1_63' title='bbox 777 793 1012 843; x_wconf 91' lang='lat' dir='ltr'><strong>vulvaeque.</strong></span> <span class='ocrx_word' id='word_1_64' title='bbox 1069 796 1211 830; x_wconf 86' lang='lat' dir='ltr'><strong>tussim</strong></span> <span class='ocrx_word' id='word_1_65' title='bbox 1228 799 1409 832; x_wconf 88' lang='lat' dir='ltr'><strong>veterem</strong></span> 
     </span>
     <span class='ocr_line' id='line_1_11' title="bbox 236 863 1409 914; baseline 0.001 -14"><span class='ocrx_word' id='word_1_66' title='bbox 236 863 392 900; x_wconf 90' lang='lat' dir='ltr'><strong>inhibet</strong></span> <span class='ocrx_word' id='word_1_67' title='bbox 435 869 477 900; x_wconf 92' lang='lat' dir='ltr'><strong>et</strong></span> <span class='ocrx_word' id='word_1_68' title='bbox 518 866 695 914; x_wconf 85' lang='lat' dir='ltr'><strong>gutturis</strong></span> <span class='ocrx_word' id='word_1_69' title='bbox 738 863 1062 908; x_wconf 84' lang='lat' dir='ltr'><strong>rheumatismos,</strong></span> <span class='ocrx_word' id='word_1_70' title='bbox 1104 863 1409 914; x_wconf 80' lang='lat' dir='ltr'><strong>orthopnoeam,</strong></span> 
     </span>
     <span class='ocr_line' id='line_1_12' title="bbox 235 933 1409 971; baseline 0.001 -1"><span class='ocrx_word' id='word_1_71' title='bbox 235 934 420 970; x_wconf 88' lang='lat' dir='ltr'><strong>dentium</strong></span> <span class='ocrx_word' id='word_1_72' title='bbox 441 933 810 970; x_wconf 83' lang='lat' dir='ltr'><strong>labefactationem.</strong></span> <span class='ocrx_word' id='word_1_73' title='bbox 868 937 1023 970; x_wconf 91' lang='lat' dir='ltr'><strong>vesicae</strong></span> <span class='ocrx_word' id='word_1_74' title='bbox 1043 940 1163 971; x_wconf 87' lang='lat' dir='ltr'><strong>nocet</strong></span> <span class='ocrx_word' id='word_1_75' title='bbox 1181 947 1409 971; x_wconf 88' lang='lat' dir='ltr'><strong>nervorum-</strong></span> 
     </span>
     <span class='ocr_line' id='line_1_13' title="bbox 235 1003 1410 1053; baseline 0.001 -13"><span class='ocrx_word' id='word_1_76' title='bbox 235 1017 313 1053; x_wconf 93' lang='lat' dir='ltr'><strong>que</strong></span> <span class='ocrx_word' id='word_1_77' title='bbox 330 1003 644 1040; x_wconf 80' lang='lat' dir='ltr'><strong>infirmitatibus.</strong></span> <span class='ocrx_word' id='word_1_78' title='bbox 701 1006 880 1040; x_wconf 89' lang='lat' dir='ltr'><strong>nesciere</strong></span> <span class='ocrx_word' id='word_1_79' title='bbox 897 1004 1041 1040; x_wconf 93' lang='lat' dir='ltr'><strong>medici</strong></span> <span class='ocrx_word' id='word_1_80' title='bbox 1058 1010 1255 1053; x_wconf 87' lang='lat' dir='ltr'><strong>quantum</strong></span> <span class='ocrx_word' id='word_1_81' title='bbox 1271 1010 1410 1041; x_wconf 89' lang='lat' dir='ltr'><strong>contra</strong></span> 
     </span>
     <span class='ocr_line' id='line_1_14' title="bbox 235 1061 1409 1124; baseline 0.002 -14"><span class='ocrx_word' id='word_1_82' title='bbox 235 1073 393 1123; x_wconf 87' lang='lat' dir='ltr'><strong>aspidas</strong></span> <span class='ocrx_word' id='word_1_83' title='bbox 414 1073 596 1123; x_wconf 89' lang='lat' dir='ltr'><strong>polleret.</strong></span> <span class='ocrx_word' id='word_1_84' title='bbox 653 1086 781 1123; x_wconf 89' lang='lat' dir='ltr'><strong>nuper</strong></span> <span class='ocrx_word' id='word_1_85' title='bbox 800 1061 850 1110; x_wconf 84' lang='lat' dir='ltr'><strong>ab</strong></span> <span class='ocrx_word' id='word_1_86' title='bbox 871 1073 1009 1123; x_wconf 88' lang='lat' dir='ltr'><strong>aspide</strong></span> <span class='ocrx_word' id='word_1_87' title='bbox 1028 1074 1181 1110; x_wconf 88' lang='lat' dir='ltr'><strong>calcata</strong></span> <span class='ocrx_word' id='word_1_88' title='bbox 1199 1087 1409 1124; x_wconf 90' lang='lat' dir='ltr'><strong>percussus</strong></span> 
     </span>
     <span class='ocr_line' id='line_1_15' title="bbox 236 1143 1411 1193; baseline 0.001 -13"><span class='ocrx_word' id='word_1_89' title='bbox 236 1150 367 1180; x_wconf 87' lang='lat' dir='ltr'><strong>utrem</strong></span> <span class='ocrx_word' id='word_1_90' title='bbox 400 1147 504 1180; x_wconf 89' lang='lat' dir='ltr'><strong>aceti</strong></span> <span class='ocrx_word' id='word_1_91' title='bbox 537 1143 670 1180; x_wconf 83' lang='lat' dir='ltr'><strong>ferens</strong></span> <span class='ocrx_word' id='word_1_92' title='bbox 703 1146 890 1193; x_wconf 90' lang='lat' dir='ltr'><strong>quotiens</strong></span> <span class='ocrx_word' id='word_1_93' title='bbox 922 1143 1175 1193; x_wconf 88' lang='lat' dir='ltr'><strong>deposuisset</strong></span> <span class='ocrx_word' id='word_1_94' title='bbox 1206 1145 1411 1181; x_wconf 87' lang='lat' dir='ltr'><strong>sentiebat</strong></span> 
     </span>
    </p>
   </div>
   <div class='ocr_carea' id='block_1_3' title="bbox 234 1213 1409 1257">
    <p class='ocr_par' dir='ltr' id='par_1_3' title="bbox 234 1213 1409 1257">
     <span class='ocr_line' id='line_1_16' title="bbox 234 1213 1409 1257; baseline 0.002 -8"><span class='ocrx_word' id='word_1_95' title='bbox 234 1217 373 1257; x_wconf 88' lang='lat' dir='ltr'><strong>ictum,</strong></span> <span class='ocrx_word' id='word_1_96' title='bbox 388 1213 483 1250; x_wconf 87' lang='lat' dir='ltr'><strong>alias</strong></span> <span class='ocrx_word' id='word_1_97' title='bbox 499 1214 649 1250; x_wconf 88' lang='lat' dir='ltr'><strong>inlaeso</strong></span> <span class='ocrx_word' id='word_1_98' title='bbox 663 1213 811 1250; x_wconf 87' lang='lat' dir='ltr'><strong>similis.</strong></span> <span class='ocrx_word' id='word_1_99' title='bbox 854 1213 1106 1250; x_wconf 91' lang='lat' dir='ltr'><strong>intellectum</strong></span> <span class='ocrx_word' id='word_1_100' title='bbox 1120 1215 1173 1250; x_wconf 90' lang='lat' dir='ltr'><strong>ibi</strong></span> <span class='ocrx_word' id='word_1_101' title='bbox 1187 1214 1409 1251; x_wconf 88' lang='lat' dir='ltr'><strong>remedium</strong></span> 
     </span>
    </p>
   </div>
   <div class='ocr_carea' id='block_1_4' title="bbox 166 1292 185 1319">
    <p class='ocr_par' dir='ltr' id='par_1_4' title="bbox 166 1292 185 1319">
     <span class='ocr_line' id='line_1_17' title="bbox 166 1292 185 1319; textangle 90"><span class='ocrx_word' id='word_1_102' title='bbox 166 1292 185 1319; x_wconf 59' lang='lat' dir='ltr'><strong>»Ui</strong></span> 
     </span>
    </p>
   </div>
   <div class='ocr_carea' id='block_1_5' title="bbox 165 1283 1410 1822">
    <p class='ocr_par' dir='ltr' id='par_1_5' title="bbox 190 1283 1410 1753">
     <span class='ocr_line' id='line_1_18' title="bbox 190 1283 1410 1333; baseline 0.001 -13"><span class='ocrx_word' id='word_1_103' title='bbox 190 1292 205 1320; x_wconf 78' lang='lat'>7</span> <span class='ocrx_word' id='word_1_104' title='bbox 238 1289 299 1320; x_wconf 89' lang='lat' dir='ltr'><strong>est</strong></span> <span class='ocrx_word' id='word_1_105' title='bbox 334 1289 515 1333; x_wconf 87' lang='lat' dir='ltr'><strong>potuque</strong></span> <span class='ocrx_word' id='word_1_106' title='bbox 551 1297 793 1320; x_wconf 87' lang='lat' dir='ltr'><strong>succursum.</strong></span> <span class='ocrx_word' id='word_1_107' title='bbox 849 1296 982 1333; x_wconf 87' lang='lat' dir='ltr'><strong>neque</strong></span> <span class='ocrx_word' id='word_1_108' title='bbox 1018 1283 1134 1320; x_wconf 88' lang='lat' dir='ltr'><strong>aliter</strong></span> <span class='ocrx_word' id='word_1_109' title='bbox 1163 1297 1205 1320; x_wconf 92' lang='lat' dir='ltr'><strong>os</strong></span> <span class='ocrx_word' id='word_1_110' title='bbox 1233 1284 1410 1322; x_wconf 86' lang='lat' dir='ltr'><strong>colluunt</strong></span> 
     </span>
     <span class='ocr_line' id='line_1_19' title="bbox 235 1353 1410 1403; baseline 0 -13"><span class='ocrx_word' id='word_1_111' title='bbox 235 1366 391 1390; x_wconf 87' lang='lat' dir='ltr'><strong>venena</strong></span> <span class='ocrx_word' id='word_1_112' title='bbox 410 1359 669 1403; x_wconf 82' lang='lat' dir='ltr'><strong>exsugentes.</strong></span> <span class='ocrx_word' id='word_1_113' title='bbox 726 1355 766 1389; x_wconf 92' lang='lat' dir='ltr'><strong>in</strong></span> <span class='ocrx_word' id='word_1_114' title='bbox 784 1359 917 1390; x_wconf 89' lang='lat' dir='ltr'><strong>totum</strong></span> <span class='ocrx_word' id='word_1_115' title='bbox 934 1353 1123 1390; x_wconf 87' lang='lat' dir='ltr'><strong>domitrix</strong></span> <span class='ocrx_word' id='word_1_116' title='bbox 1140 1356 1196 1390; x_wconf 91' lang='lat' dir='ltr'><strong>vis</strong></span> <span class='ocrx_word' id='word_1_117' title='bbox 1214 1353 1314 1390; x_wconf 88' lang='lat' dir='ltr'><strong>haec</strong></span> <span class='ocrx_word' id='word_1_118' title='bbox 1331 1368 1410 1391; x_wconf 92' lang='lat' dir='ltr'><strong>non</strong></span> 
     </span>
     <span class='ocr_line' id='line_1_20' title="bbox 234 1423 1407 1472; baseline 0.001 -13"><span class='ocrx_word' id='word_1_119' title='bbox 234 1424 413 1460; x_wconf 89' lang='lat' dir='ltr'><strong>ciborum</strong></span> <span class='ocrx_word' id='word_1_120' title='bbox 448 1423 568 1460; x_wconf 89' lang='lat' dir='ltr'><strong>modo</strong></span> <span class='ocrx_word' id='word_1_121' title='bbox 605 1428 680 1467; x_wconf 90' lang='lat' dir='ltr'><strong>est,</strong></span> <span class='ocrx_word' id='word_1_122' title='bbox 716 1436 854 1460; x_wconf 87' lang='lat' dir='ltr'><strong>verum</strong></span> <span class='ocrx_word' id='word_1_123' title='bbox 891 1428 932 1460; x_wconf 90' lang='lat' dir='ltr'><strong>et</strong></span> <span class='ocrx_word' id='word_1_124' title='bbox 967 1436 1100 1460; x_wconf 91' lang='lat' dir='ltr'><strong>rerum</strong></span> <span class='ocrx_word' id='word_1_125' title='bbox 1136 1423 1407 1472; x_wconf 89' lang='lat' dir='ltr'><strong>plurimarum.</strong></span> 
     </span>
     <span class='ocr_line' id='line_1_21' title="bbox 234 1492 1409 1544; baseline 0.001 -15"><span class='ocrx_word' id='word_1_126' title='bbox 234 1506 330 1529; x_wconf 80' lang='lat' dir='ltr'><strong>saxa</strong></span> <span class='ocrx_word' id='word_1_127' title='bbox 359 1495 511 1542; x_wconf 88' lang='lat' dir='ltr'><strong>rumpit</strong></span> <span class='ocrx_word' id='word_1_128' title='bbox 539 1492 715 1530; x_wconf 90' lang='lat' dir='ltr'><strong>infusum</strong></span> <span class='ocrx_word' id='word_1_129' title='bbox 745 1506 849 1542; x_wconf 89' lang='lat' dir='ltr'><strong>quae</strong></span> <span class='ocrx_word' id='word_1_130' title='bbox 878 1506 958 1530; x_wconf 91' lang='lat' dir='ltr'><strong>non</strong></span> <span class='ocrx_word' id='word_1_131' title='bbox 986 1496 1140 1542; x_wconf 89' lang='lat' dir='ltr'><strong>ruperit</strong></span> <span class='ocrx_word' id='word_1_132' title='bbox 1167 1496 1269 1544; x_wconf 86' lang='lat' dir='ltr'><strong>ignis</strong></span> <span class='ocrx_word' id='word_1_133' title='bbox 1298 1499 1409 1530; x_wconf 89' lang='lat' dir='ltr'><strong>ante-</strong></span> 
     </span>
     <span class='ocr_line' id='line_1_22' title="bbox 234 1562 1408 1613; baseline 0 -13"><span class='ocrx_word' id='word_1_134' title='bbox 234 1563 392 1600; x_wconf 86' lang='lat' dir='ltr'><strong>cedens.</strong></span> <span class='ocrx_word' id='word_1_135' title='bbox 450 1563 557 1599; x_wconf 89' lang='lat' dir='ltr'><strong>cibos</strong></span> <span class='ocrx_word' id='word_1_136' title='bbox 588 1562 752 1612; x_wconf 90' lang='lat' dir='ltr'><strong>quidem</strong></span> <span class='ocrx_word' id='word_1_137' title='bbox 782 1569 824 1599; x_wconf 92' lang='lat' dir='ltr'><strong>et</strong></span> <span class='ocrx_word' id='word_1_138' title='bbox 853 1576 1015 1612; x_wconf 89' lang='lat' dir='ltr'><strong>sapores</strong></span> <span class='ocrx_word' id='word_1_139' title='bbox 1045 1577 1123 1599; x_wconf 92' lang='lat' dir='ltr'><strong>non</strong></span> <span class='ocrx_word' id='word_1_140' title='bbox 1154 1563 1252 1600; x_wconf 89' lang='lat' dir='ltr'><strong>alius</strong></span> <span class='ocrx_word' id='word_1_141' title='bbox 1281 1566 1408 1613; x_wconf 86' lang='lat' dir='ltr'><strong>magis</strong></span> 
     </span>
     <span class='ocr_line' id='line_1_23' title="bbox 233 1633 1409 1683; baseline 0 -13"><span class='ocrx_word' id='word_1_142' title='bbox 233 1647 349 1670; x_wconf 89' lang='lat' dir='ltr'><strong>sucus</strong></span> <span class='ocrx_word' id='word_1_143' title='bbox 373 1633 630 1670; x_wconf 89' lang='lat' dir='ltr'><strong>commendat</strong></span> <span class='ocrx_word' id='word_1_144' title='bbox 653 1638 724 1669; x_wconf 91' lang='lat' dir='ltr'><strong>aut</strong></span> <span class='ocrx_word' id='word_1_145' title='bbox 747 1635 914 1677; x_wconf 85' lang='lat' dir='ltr'><strong>excitat,</strong></span> <span class='ocrx_word' id='word_1_146' title='bbox 937 1636 976 1669; x_wconf 91' lang='lat' dir='ltr'><strong>in</strong></span> <span class='ocrx_word' id='word_1_147' title='bbox 1000 1646 1079 1682; x_wconf 91' lang='lat' dir='ltr'><strong>quo</strong></span> <span class='ocrx_word' id='word_1_148' title='bbox 1102 1646 1174 1669; x_wconf 90' lang='lat' dir='ltr'><strong>usu</strong></span> <span class='ocrx_word' id='word_1_149' title='bbox 1199 1636 1409 1683; x_wconf 85' lang='lat' dir='ltr'><strong>mitigatur</strong></span> 
     </span>
     <span class='ocr_line' id='line_1_24' title="bbox 234 1702 1409 1753; baseline 0 -13"><span class='ocrx_word' id='word_1_150' title='bbox 234 1708 323 1740; x_wconf 88' lang='lat' dir='ltr'><strong>usto</strong></span> <span class='ocrx_word' id='word_1_151' title='bbox 359 1716 464 1753; x_wconf 89' lang='lat' dir='ltr'><strong>pane</strong></span> <span class='ocrx_word' id='word_1_152' title='bbox 501 1708 571 1739; x_wconf 87' lang='lat' dir='ltr'><strong>aut</strong></span> <span class='ocrx_word' id='word_1_153' title='bbox 600 1702 792 1746; x_wconf 83' lang='lat' dir='ltr'><strong>cumino‚⁸</strong></span> <span class='ocrx_word' id='word_1_154' title='bbox 823 1703 883 1739; x_wconf 85' lang='lat' dir='ltr'><strong>vel</strong></span> <span class='ocrx_word' id='word_1_155' title='bbox 921 1702 1154 1740; x_wconf 89' lang='lat' dir='ltr'><strong>accenditur</strong></span> <span class='ocrx_word' id='word_1_156' title='bbox 1189 1706 1328 1752; x_wconf 88' lang='lat' dir='ltr'><strong>pipere</strong></span> <span class='ocrx_word' id='word_1_157' title='bbox 1364 1716 1409 1741; x_wconf 89' lang='lat' dir='ltr'><strong>ac</strong></span> 
     </span>
    </p>

    <p class='ocr_par' dir='ltr' id='par_1_6' title="bbox 165 1772 1408 1822">
     <span class='ocr_line' id='line_1_25' title="bbox 165 1772 1408 1822; baseline 0.002 -15"><span class='ocrx_word' id='word_1_158' title='bbox 165 1780 206 1809; x_wconf 80' lang='lat'><strong>58</strong></span> <span class='ocrx_word' id='word_1_159' title='bbox 233 1773 374 1817; x_wconf 88' lang='lat' dir='ltr'><strong>lasere,</strong></span> <span class='ocrx_word' id='word_1_160' title='bbox 393 1776 533 1822; x_wconf 89' lang='lat' dir='ltr'><strong>utique</strong></span> <span class='ocrx_word' id='word_1_161' title='bbox 551 1772 633 1809; x_wconf 88' lang='lat' dir='ltr'><strong>sale</strong></span> <span class='ocrx_word' id='word_1_162' title='bbox 650 1775 916 1822; x_wconf 89' lang='lat' dir='ltr'><strong>conpescitur.</strong></span> <span class='ocrx_word' id='word_1_163' title='bbox 973 1786 1052 1810; x_wconf 91' lang='lat' dir='ltr'><strong>non</strong></span> <span class='ocrx_word' id='word_1_164' title='bbox 1070 1778 1132 1809; x_wconf 90' lang='lat' dir='ltr'><strong>est</strong></span> <span class='ocrx_word' id='word_1_165' title='bbox 1148 1779 1408 1822; x_wconf 86' lang='lat' dir='ltr'><strong>praetereun-</strong></span> 
     </span>
    </p>
   </div>
   <div class='ocr_carea' id='block_1_6' title="bbox 238 1866 1408 2028">
    <p class='ocr_par' dir='ltr' id='par_1_7' title="bbox 238 1866 1408 1952">
     <span class='ocr_line' id='line_1_26' title="bbox 284 1866 1408 1908; baseline 0 -10"><span class='ocrx_word' id='word_1_166' title='bbox 284 1867 296 1886; x_wconf 79' lang='lat'>1</span> <span class='ocrx_word' id='word_1_167' title='bbox 320 1872 381 1898; x_wconf 86' lang='lat' dir='ltr'><strong>aut-</strong></span> <span class='ocrx_word' id='word_1_168' title='bbox 392 1867 526 1898; x_wconf 75' lang='lat' dir='ltr'><strong>adiecto</strong></span> <span class='ocrx_word' id='word_1_169' title='bbox 537 1867 626 1898; x_wconf 78' lang='lat' dir='ltr'><strong>codd.</strong></span> <span class='ocrx_word' id='word_1_170' title='bbox 641 1879 647 1897; x_wconf 93' lang='lat'>:</span> <span class='ocrx_word' id='word_1_171' title='bbox 672 1867 806 1898; x_wconf 86' lang='lat' dir='ltr'><strong>adiecto</strong></span> <span class='ocrx_word' id='word_1_172' title='bbox 817 1871 878 1898; x_wconf 84' lang='lat' dir='ltr'><strong>aut</strong></span> <span class='ocrx_word' id='word_1_173' title='bbox 891 1866 1054 1907; x_wconf 81' lang='lat' dir='ltr'><strong>Mayhoff,</strong></span> <span class='ocrx_word' id='word_1_174' title='bbox 1066 1868 1122 1907; x_wconf 80' lang='lat' dir='ltr'><strong>qui</strong></span> <span class='ocrx_word' id='word_1_175' title='bbox 1135 1867 1236 1898; x_wconf 78' lang='lat' dir='ltr'><strong>etiam</strong></span> <span class='ocrx_word' id='word_1_176' title='bbox 1250 1871 1408 1908; x_wconf 75' lang='lat' dir='ltr'><strong>punctum</strong></span> 
     </span>
     <span class='ocr_line' id='line_1_27' title="bbox 238 1910 1387 1952; baseline 0.002 -11"><span class='ocrx_word' id='word_1_177' title='bbox 238 1911 347 1951; x_wconf 71' lang='lat' dir='ltr'><strong>posuit</strong></span> <span class='ocrx_word' id='word_1_178' title='bbox 364 1915 434 1950; x_wconf 61' lang='lat' dir='ltr'><strong>pos!</strong></span> <span class='ocrx_word' id='word_1_179' title='bbox 451 1910 622 1941; x_wconf 86' lang='lat' dir='ltr'><strong>fasciculo.</strong></span> <span class='ocrx_word' id='word_1_180' title='bbox 671 1910 766 1941; x_wconf 80' lang='lat' dir='ltr'><strong>Hanc</strong></span> <span class='ocrx_word' id='word_1_181' title='bbox 783 1915 811 1941; x_wconf 77' lang='lat' dir='ltr'><strong>el</strong></span> <span class='ocrx_word' id='word_1_182' title='bbox 827 1915 1007 1950; x_wconf 74' lang='lat' dir='ltr'><strong>sequentem</strong></span> <span class='ocrx_word' id='word_1_183' title='bbox 1023 1910 1215 1942; x_wconf 69' lang='lat' dir='ltr'><strong>sententiam</strong></span> <span class='ocrx_word' id='word_1_184' title='bbox 1231 1910 1305 1942; x_wconf 74' lang='lat' dir='ltr'><strong>dist.</strong></span> <span class='ocrx_word' id='word_1_185' title='bbox 1322 1920 1387 1952; x_wconf 74' lang='lat' dir='ltr'><strong>eqo.</strong></span> 
     </span>
    </p>

    <p class='ocr_par' dir='ltr' id='par_1_8' title="bbox 281 1952 1098 1994">
     <span class='ocr_line' id='line_1_28' title="bbox 281 1952 1098 1994; baseline 0.001 -11"><span class='ocrx_word' id='word_1_186' title='bbox 281 1953 293 1973; x_wconf 84' lang='lat'><strong>²</strong></span> <span class='ocrx_word' id='word_1_187' title='bbox 319 1953 530 1994; x_wconf 77' lang='lat' dir='ltr'><strong>procidentia</strong></span> <span class='ocrx_word' id='word_1_188' title='bbox 547 1953 635 1985; x_wconf 81' lang='lat' dir='ltr'><strong>codd.</strong></span> <span class='ocrx_word' id='word_1_189' title='bbox 654 1965 660 1984; x_wconf 94' lang='lat'><strong>:</strong></span> <span class='ocrx_word' id='word_1_190' title='bbox 691 1953 920 1994; x_wconf 85' lang='lat' dir='ltr'><strong>procidentias</strong></span> <span class='ocrx_word' id='word_1_191' title='bbox 936 1952 976 1983; x_wconf 84' lang='lat' dir='ltr'><em>M</em></span> <span class='ocrx_word' id='word_1_192' title='bbox 979 1953 1098 1993; x_wconf 78' lang='lat' dir='ltr'><strong>aylzoff.</strong></span> 
     </span>
    </p>

    <p class='ocr_par' dir='ltr' id='par_1_9' title="bbox 282 1996 1156 2028">
     <span class='ocr_line' id='line_1_29' title="bbox 282 1996 1156 2028; baseline 0.001 -1"><span class='ocrx_word' id='word_1_193' title='bbox 282 1997 295 2015; x_wconf 82' lang='lat'>³</span> <span class='ocrx_word' id='word_1_194' title='bbox 320 1997 454 2027; x_wconf 88' lang='lat' dir='ltr'><strong>cumino</strong></span> <span class='ocrx_word' id='word_1_195' title='bbox 471 2001 560 2028; x_wconf 79' lang='lat' dir='ltr'><strong>velus</strong></span> <span class='ocrx_word' id='word_1_196' title='bbox 577 1997 644 2028; x_wconf 84' lang='lat' dir='ltr'><strong>cod.</strong></span> <span class='ocrx_word' id='word_1_197' title='bbox 665 1996 820 2028; x_wconf 60' lang='lat' dir='ltr'><strong>Cor-narii</strong></span> <span class='ocrx_word' id='word_1_198' title='bbox 835 2008 842 2027; x_wconf 92' lang='lat'><strong>:</strong></span> <span class='ocrx_word' id='word_1_199' title='bbox 875 2006 951 2027; x_wconf 88' lang='lat' dir='ltr'><strong>cum</strong></span> <span class='ocrx_word' id='word_1_200' title='bbox 971 1997 1050 2027; x_wconf 84' lang='lat' dir='ltr'><strong>vino</strong></span> <span class='ocrx_word' id='word_1_201' title='bbox 1067 1996 1156 2028; x_wconf 84' lang='lat' dir='ltr'><strong>codd.</strong></span> 
     </span>
    </p>
   </div>
   <div class='ocr_carea' id='block_1_7' title="bbox 229 2070 298 2107">
    <p class='ocr_par' dir='ltr' id='par_1_10' title="bbox 229 2070 298 2107">
     <span class='ocr_line' id='line_1_30' title="bbox 229 2070 298 2107; baseline 0.043 -3"><span class='ocrx_word' id='word_1_202' title='bbox 229 2070 298 2107; x_wconf 84' lang='lat'><strong>452</strong></span> 
     </span>
    </p>
   </div>
  </div>
 </body>
</html>
