1469 2299
436 119 628 156 PLINY:
674 119 935 158 NATURAL
968 119 1203 157 HISTORY

229 223 269 256 in
288 220 388 256 febri
407 220 525 257 datur
547 221 597 257 ad
617 223 764 258 ventris
784 221 967 257 animalia
986 221 1171 270 pellenda
1190 222 1404 258 minoribus

229 286 301 310 xxx
324 287 529 317 annorum,
553 277 684 323 pueris
710 288 802 311 vero
830 277 951 311 etiam
977 277 1136 323 inpositi
1161 277 1200 310 in
1222 281 1404 311 ventrem

229 329 368 363 ieiunis
385 333 562 376 prosunt,
576 333 617 364 et
633 327 708 364 alio
723 341 871 377 genere
887 330 980 364 tosti
997 333 1038 364 et
1056 329 1065 351 ¹
1082 331 1121 364 in
1135 327 1293 364 defruto
1306 331 1404 377 poti,

231 380 290 416 vel
317 394 364 416 ex
387 381 504 416 melle
527 384 687 430 sumpti.
742 381 862 418 iidem
885 381 1119 417 aviditatem
1141 382 1216 417 cibi
1239 381 1404 425 faciunt,

229 433 431 470 fastidium
468 434 698 471 detrahunt.
754 434 880 470 farina
917 448 1052 471 eorum
1089 441 1203 471 aceto
1239 435 1405 472 subacta

229 487 395 536 papulas
421 490 676 537 pruritusque
702 490 742 523 in
767 488 918 524 balneis
943 488 1057 524 inlita
1081 487 1241 525 cohibet
1268 494 1309 525 et
1334 501 1405 538 per

228 553 269 576 se
305 544 425 577 siccat
461 541 603 577 ulcera.
659 541 798 577 livores
834 541 1037 584 emendat,
1072 541 1404 579 inflammationes

145 599 202 629 [56
228 607 317 630 cum
342 594 503 643 polenta
528 595 655 631 sedat.
710 595 949 631 silvestrium
973 595 1165 631 efficacior
1188 598 1244 631 vis
1267 601 1405 632 contra

230 648 488 683 coxendicum
527 654 567 684 et
602 648 825 684 lumborum
861 648 1124 685 debilitatem.
1194 661 1241 684 ex
1278 649 1403 685 isdem

230 700 395 737 decocta
422 701 633 750 lentigines
660 707 701 738 et
726 707 860 738 cutem
886 701 1106 738 foventium
1132 705 1348 751 corrigunt,
1373 705 1404 738 si

228 767 320 789 vero
346 755 394 790 ad
426 754 551 790 mellis
576 755 877 791 crassitudinem
902 755 1178 804 decoquantur
1202 755 1262 791 vel
1278 756 1293 779 2
1318 758 1405 792 viti-

230 807 368 857 ligines
405 811 534 858 nigras
571 814 612 844 et
646 808 774 857 lepras
810 808 1040 845 emendant.
1096 811 1209 845 sativi
1245 822 1404 858 quoque

231 867 422 910 rumpunt
477 861 734 898 carbunculos
790 864 972 911 inpositi3
1042 875 1178 911 panos,
1233 868 1404 899 strumas

230 917 415 950 minuunt
448 921 515 950 aut
549 920 753 951 maturant
784 918 883 951 cocti
918 928 966 951 ex
999 921 1126 959 aceto,
1158 917 1404 952 cicatricibus

231 968 442 1004 candidum
476 968 646 1005 colorem
678 968 874 1011 reddunt;
920 971 949 1005 si
982 981 1075 1005 vero
1106 969 1268 1005 caelesti
1301 982 1405 1019 aqua

233 1021 529 1070 discoquantur,
573 1035 686 1058 sucus
731 1022 794 1058 ille
838 1035 1019 1072 zmegma
1063 1022 1107 1058 fit
1150 1035 1228 1071 quo
1271 1021 1404 1059 fovere

232 1088 494 1124 gangraenas,
525 1078 753 1124 eruptiones
787 1078 971 1125 pituitae,
1005 1075 1167 1111 ulcera3
1200 1079 1404 1112 manantia

145 1133 202 1163 157
233 1128 436 1177 expediat,
456 1129 504 1165 ad
525 1128 668 1165 lienem
687 1129 824 1165 bibere
845 1135 885 1165 et
903 1142 992 1165 cum
1011 1129 1128 1165 melle
1147 1128 1404 1167 haerentibus

232 1184 457 1218 menstruis.
514 1182 603 1218 lieni
630 1183 737 1218 crudi
765 1196 854 1218 cum
881 1182 953 1218 fico
978 1185 1079 1218 sicca
1104 1185 1188 1219 triti
1214 1195 1264 1219 ex
1289 1189 1404 1221 aceto

228 1237 483 1284 inponuntur.
538 1236 648 1272 radix
681 1249 839 1285 quoque
871 1238 910 1272 in
941 1249 1045 1285 aqua
1075 1236 1241 1273 decocta
1270 1239 1402 1274 urinas

228 1289 352 1338 pellit.
408 1289 621 1325 medentur
659 1292 789 1338 pecori
829 1303 918 1325 cum
957 1289 1239 1326 chamaeleone
1278 1289 1403 1327 herba

230 1342 397 1385 decocti,
427 1356 531 1392 aqua
558 1345 597 1378 in
626 1349 765 1392 potum
794 1343 934 1379 colata.
989 1349 1131 1379 sanant
1161 1349 1203 1380 et
1229 1344 1402 1380 scabiem

230 1396 522 1445 quadripedum
542 1399 717 1433 omnium
737 1399 777 1432 in
798 1409 958 1433 amurca
977 1396 1129 1433 decocti
1152 1396 1212 1432 vel
1233 1403 1402 1447 utroque

228 1449 379 1498 liquore
418 1456 557 1499 postea
595 1452 731 1486 mixto.
788 1449 919 1486 fumus
956 1456 1222 1487 crematorum
1259 1451 1402 1487 culices

230 1509 358 1539 necat.

142 1560 199 1591 158
276 1556 434 1593 LXXV.
467 1557 637 1593 irionem
654 1559 759 1593 inter
776 1556 910 1607 fruges
928 1569 1107 1594 sesamae
1125 1557 1292 1594 similem
1317 1571 1403 1595 esse

384 1659 395 1678 ¹
419 1664 454 1690 et
472 1659 556 1699 valq.
575 1659 761 1700 Dellefsen:
793 1659 846 1690 vel
866 1659 923 1690 VT
940 1659 1049 1699 Silliy,
1069 1660 1231 1700 Jlayhoff.

384 1702 396 1721 ²
419 1702 496 1733 Post
516 1702 568 1733 vel
588 1703 625 1732 in
643 1703 732 1733 codd.
752 1707 798 1733 est
815 1703 930 1733 sativi.
977 1703 1049 1734 Del.
1071 1703 1232 1743 Mayhoff.

382 1745 394 1764 ³
420 1745 530 1775 ulcera
555 1745 740 1786 Dades-sen:
776 1745 927 1776 ulcerum
950 1746 1113 1786 Mayhoff.

275 1868 288 1883 ⁰
311 1864 412 1894 From
434 1863 564 1894 several
586 1863 698 1904 places
721 1864 755 1894 in
777 1862 903 1899 Celsus,
925 1874 984 1903 (3.9.
1007 1863 1067 1894 VI.
1091 1865 1121 1899 6,
1148 1865 1222 1901 16Α,
1245 1865 1272 1894 it
1293 1874 1401 1895 seems

229 1907 305 1938 that
324 1907 392 1937 this
408 1906 511 1936 refers
527 1910 564 1937 to
582 1906 741 1946 purulent
759 1907 922 1947 runnings
938 1906 1024 1937 from
1043 1906 1102 1937 the
1117 1917 1207 1948 eyes.
1253 1907 1314 1939 See
1330 1907 1401 1939 also

230 1950 328 1989 Pliny
350 1949 429 1980 xx.
450 1950 480 1987 ξς
498 1950 569 1982 141.
590 1950 649 1980 251
671 1948 739 1979 and
759 1949 878 1980 XXII.
899 1950 1002 1988 §134.

277 1993 289 2012 ὸ
312 1993 373 2023 See
389 1992 485 2023 Book
503 1992 636 2023 XVIII.
654 1993 668 2030 ξ
683 1993 736 2023 96.

224 2065 294 2097 404
