1469 2299
176 539 196 569 9

150 1245 188 1276 10

412 109 606 146 PLINY:
652 109 913 146 NATURAL
948 109 1183 147 HISTORY

211 213 389 248 obsessos
418 217 614 248 servasset
644 211 795 261 aliquis.
850 225 1022 261 namque
1051 226 1250 249 summum
1280 214 1386 262 apud

214 279 398 325 antiquos
437 278 595 326 signum
634 278 819 312 victoriae
859 281 945 312 erat
982 275 1147 313 herbam
1185 279 1386 327 porrigere

213 342 349 383 victos,
364 339 438 376 hoc
455 346 515 376 est
535 345 637 376 terra
655 346 695 376 et
712 340 847 376 altrice
864 342 948 389 ipsa
963 339 1083 376 humo
1100 346 1141 377 et
1155 340 1386 378 humatione

212 407 333 440 etiam
355 404 511 448 cedere,
533 417 651 453 quem
676 417 825 440 morem
848 406 969 440 etiam
991 418 1094 441 nunc
1115 405 1258 441 durare
1281 406 1387 455 apud

213 469 432 505 Germanos
457 471 547 504 scio.

265 532 311 568 V.
342 533 526 569 Donatus
546 538 607 569 est
626 546 673 568 ea
694 533 737 569 L.
758 532 903 569 Siccius
924 533 1125 569 Dentatus
1144 533 1280 577 semel,
1298 548 1388 570 cum

212 599 353 633 civicas
405 596 725 646 quattuordecim
778 599 987 633 meruisset
1038 597 1388 647 depugnassetque

213 674 284 697 cxx
314 661 470 710 proeliis
498 674 656 710 semper
684 663 818 697 victor.
875 667 988 697 tanto
1019 664 1140 698 rarius
1171 667 1232 698 est
1260 675 1390 698 serva-

213 731 342 762 torem
364 739 488 762 unum
510 739 533 761 a
554 728 719 762 servatis
741 725 890 761 donari.
946 725 1108 774 quidam
1129 728 1388 775 imperatores

213 795 255 826 et
271 792 428 839 saepius
446 789 582 826 donati
600 795 707 834 sunt,
724 789 846 826 veluti
867 788 908 825 P.
929 790 1075 826 Decius
1096 789 1188 826 Mus
1205 791 1388 827 tribunus

214 854 385 891 militum
413 854 463 890 ab
492 856 684 897 exercitu,
713 853 839 890 altera
867 854 917 889 ab
945 853 1003 890 his
1032 856 1098 903 qui
1126 856 1166 890 in
1193 854 1389 903 praesidio

212 919 360 955 obsessi
384 917 558 961 fuerant,
581 924 734 968 quanta
757 923 863 954 esset
887 920 970 954 eius
993 917 1150 954 honoris
1174 921 1389 956 auctoritas

213 982 415 1020 confessus
440 982 645 1032 religione,
671 982 866 1032 siquidem
892 982 1063 1019 donatus
1087 983 1230 1020 bovem
1255 983 1389 1020 album

215 1046 339 1083 Marti
374 1047 580 1083 inmolavit
617 1053 659 1083 et
695 1052 857 1083 centum
894 1046 1020 1083 fulvos
1057 1049 1124 1096 qui
1161 1049 1196 1083 ei
1233 1049 1389 1084 virtutis

212 1124 331 1148 causa
365 1111 449 1148 dati
483 1110 643 1148 fuerant
677 1111 792 1147 simul
827 1111 877 1147 ab
911 1111 1090 1147 obsessis.
1146 1110 1208 1147 hic
1243 1112 1389 1149 Decius

213 1181 354 1225 postea
393 1188 435 1212 se
475 1175 610 1212 consul
653 1175 869 1225 Imperioso
910 1175 1076 1225 conlega
1116 1189 1186 1225 pro
1226 1178 1390 1212 victoria

213 1240 384 1277 devovit.
440 1240 536 1277 data
564 1245 625 1276 est
653 1246 695 1276 et
722 1253 744 1275 a
772 1245 914 1276 senatu
941 1239 1168 1289 populoque
1196 1240 1389 1284 Romano,

214 1318 293 1354 qua
321 1304 503 1341 claritate
532 1304 626 1340 nihil
658 1304 843 1354 equidem
873 1306 912 1340 in
942 1304 1059 1340 rebus
1088 1303 1270 1341 humanis
1299 1305 1390 1341 sub-

214 1368 343 1406 limius
361 1369 476 1412 duco,
496 1369 618 1405 Fabio
637 1368 689 1404 illi
709 1370 776 1418 qui
794 1381 877 1405 rem
896 1381 1054 1405 omnem
1074 1368 1293 1405 Romanam
1311 1381 1390 1406 res-

214 1435 327 1470 tituit
367 1447 445 1470 non
486 1432 716 1483 pugnando,
758 1445 831 1469 nec
872 1432 982 1476 data,
1023 1446 1113 1468 cum
1154 1435 1389 1483 magistrum

215 1499 396 1548 equitum
430 1503 471 1534 et
505 1499 725 1534 exercitum
759 1499 842 1533 eius
875 1502 1083 1533 servasset.
1138 1502 1234 1534 tunc
1266 1500 1389 1534 satius

214 1561 290 1599 fuit
311 1564 469 1599 nomine
491 1575 592 1598 novo
614 1563 788 1597 coronari
812 1561 1059 1611 appellatum
1081 1567 1237 1610 patrem
1259 1562 1309 1598 ab
1329 1561 1388 1598 his

214 1639 311 1676 quos
357 1631 595 1663 servaverat.
650 1625 720 1662 sed
767 1639 845 1675 quo
890 1625 1042 1662 dictum
1088 1631 1150 1662 est
1194 1639 1389 1663 consensu

260 1805 275 1820 ⁰
297 1800 359 1832 See
375 1800 455 1831 VII.
473 1801 486 1838 §
505 1801 562 1831 101
581 1811 588 1830 :
617 1799 707 1830 haud
722 1798 823 1830 multo
839 1803 910 1839 post
925 1804 1052 1830 exactos
1067 1809 1164 1839 reyes.

262 1843 274 1863 ¹³
298 1843 359 1875 See
387 1843 482 1874 XVI.
511 1843 524 1881 §
556 1843 592 1873 11
611 1854 617 1873 :
664 1841 815 1874 Cornelio
845 1842 945 1874 Cosso
974 1852 1037 1873 cos.
1069 1840 1274 1872 Samnitium
1300 1841 1390 1875 bello.

216 1887 287 1923 I.e.‚
305 1887 451 1918 343-341
473 1895 537 1917 13.c.

263 1935 274 1949 ⁶
298 1929 337 1959 In
356 1929 415 1959 the
435 1928 534 1958 Latin
555 1938 634 1963 war,
653 1928 803 1959 340-338
823 1936 890 1959 ΒΩ.

256 1970 270 1990 ‘³
293 1972 460 2003 Minucius
477 1971 597 2007 Rufus,
616 1972 678 2002 217
697 1979 761 2002 B.0.

215 2055 288 2092 300
