1469 2299
137 348 175 379 17

140 882 178 912 18

143 1310 180 1340 19

405 133 599 171 PLINY:
645 133 907 171 NATURAL
941 133 1176 172 HISTORY

203 238 399 285 unguium
424 235 639 272 mobilibus
665 249 756 272 cum
783 248 949 285 panace,
976 241 1019 272 et
1044 249 1116 285 per
1141 248 1183 272 se
1210 235 1261 272 ad
1287 249 1377 285 pur-

205 289 383 339 gandum
403 302 446 326 os
467 295 671 338 caputque
691 302 781 325 cum
802 292 941 338 pipere
961 289 1344 326 conmanducantur.

258 342 375 379 XIII.
406 342 598 391 Astaphis
636 345 746 392 agria
782 345 864 379 sive
900 342 1069 391 staphis,
1105 356 1224 392 quam
1264 356 1378 379 uvam

204 398 413 432 taminiam
452 396 572 445 aliqui
613 401 757 432 vocant
796 395 909 439 falso,
947 409 1063 432 suum
1101 398 1206 432 enim
1254 409 1380 446 genus

204 449 342 492 habet,
365 449 567 486 cauliculis
591 452 727 499 nigris,
751 452 910 492 erectis,
933 448 1035 486 foliis
1058 449 1279 492 labruscae,
1303 449 1379 486 fert

206 502 399 539 folliculos
426 505 557 539 verius
585 515 705 552 quam
730 505 877 545 acinos,
900 502 1059 546 virides,
1081 503 1229 539 similes
1251 506 1380 545 ciceri,

206 559 244 592 in
277 555 337 592 his
371 556 558 593 nucleum
593 556 854 606 triangulum.
910 558 1146 592 maturescit
1180 569 1270 592 cum
1300 559 1381 592 vin-

204 609 338 646 demia
354 612 641 659 nigrescitque,
658 623 749 646 cum
761 610 775 633 1
792 612 985 646 taminiae
999 610 1191 646 rubentes
1207 612 1382 646 norimus

206 665 338 700 acinos
367 666 621 713 sciamusque
647 663 757 699 illam
785 665 825 699 in
853 665 994 712 apricis
1023 665 1145 706 nasci,
1173 662 1275 699 hanc
1302 676 1381 700 non

206 719 277 752 nisi
323 719 362 752 in
406 719 552 766 opacis.
608 715 668 753 his
708 716 858 753 nucleis
902 716 953 753 ad
996 718 1279 766 purgationem
1324 719 1381 753 uti

206 783 283 806 non
311 772 536 806 censuerim
564 776 729 819 propter
759 772 977 818 ancipitem
1005 769 1383 820 strangulationem,

207 836 339 872 neque
382 823 433 861 ad
478 825 668 872 pituitam
710 826 787 860 oris
830 823 1071 866 siccandam,
1113 826 1206 872 quia
1247 822 1383 859 fauces

204 877 384 914 laedunt.
441 876 650 926 phthiriasi
680 883 802 926 caput
832 882 873 913 et
903 876 1099 926 reliquum
1128 890 1270 926 corpus
1298 879 1382 913 triti

207 930 394 973 liberant,
415 929 569 967 facilius
590 930 772 967 admixta
792 930 1025 973 sandaraca,
1045 932 1145 966 item
1166 932 1320 980 pruritu
1343 936 1383 966 et

207 986 344 1033 psoris.
400 983 451 1020 ad
471 983 657 1020 dentium
677 983 834 1020 dolores
855 983 1103 1020 decocuntur
1122 985 1162 1019 in
1184 989 1314 1027 aceto,
1334 983 1383 1020 ad

207 1040 363 1073 aurium
407 1039 518 1080 vitia,
562 1037 872 1074 rheumatismos
915 1039 1160 1081 cicatricum,
1205 1037 1381 1073 ulcerum

206 1093 426 1127 manantia.
483 1090 553 1127 flos
598 1093 718 1127 tritus
765 1093 805 1127 in
850 1092 941 1127 vino
987 1096 1128 1127 contra
1171 1096 1381 1139 serpentes

206 1145 374 1187 bibitur,
406 1157 545 1180 semen
579 1146 685 1180 enim
719 1143 989 1180 abdicaverim
1022 1149 1188 1193 propter
1220 1146 1383 1180 nimiam

207 1200 286 1234 vim
339 1197 502 1234 ardoris.
560 1197 724 1247 quidam
778 1210 867 1234 earn
920 1199 1169 1246 pituitariam
1224 1203 1381 1234 vocant.

206 1251 335 1300 plagis
357 1253 606 1300 serpentium
630 1253 772 1300 utique
793 1251 980 1287 inlinunt.

262 1304 370 1341 XIV.
403 1304 606 1341 Labrusca
655 1317 817 1354 quoque
866 1303 1101 1341 oenanthen
1149 1303 1230 1340 fert
1289 1306 1386 1340 satis

207 1357 390 1402 dictam,2
419 1371 524 1408 quae
555 1371 578 1394 a
609 1358 773 1394 Graecis
811 1357 989 1407 ampelos
1019 1359 1130 1407 agria
1167 1356 1386 1406 appellata,

207 1414 342 1460 spissis
386 1417 427 1448 et
464 1411 769 1448 candicantibus
806 1410 923 1454 foliis,
960 1410 1204 1461 geniculata,
1240 1413 1386 1447 rimoso

207 1467 370 1508 cortice,
394 1464 475 1501 fert
498 1478 594 1501 uvas
618 1465 812 1501 rubentes
835 1466 940 1501 cocci
965 1465 1098 1508 modo,
1122 1477 1227 1514 quae
1250 1469 1384 1501 cutem

208 1521 249 1555 in
272 1518 373 1555 facie
398 1519 612 1555 mulierum
635 1524 813 1569 purgant
838 1524 880 1555 et
903 1531 1032 1561 varos,
1055 1517 1320 1555 coxendicum
1345 1523 1387 1554 et

208 1571 435 1609 lumborum
466 1574 571 1609 vitiis
602 1577 719 1609 tusae
750 1585 840 1608 cum
872 1571 975 1608 foliis
1007 1577 1050 1608 et
1080 1584 1174 1608 suco
1204 1576 1385 1621 prosunt.

252 1682 264 1701 ¹
287 1681 372 1713 Cum
404 1708 411 1715 .
438 1707 445 1714 .
472 1708 479 1714 .
512 1683 640 1723 opacis]
672 1683 718 1713 ita
757 1686 966 1754 tgargsponere
994 1680 1062 1712 vult
1100 1681 1326 1722 War‘minqton
1354 1685 1388 1712 ut

207 1725 517 1800 Ὓῗέεἷέἶοῗξὲ,
525 1728 1075 1810 ῒὲῃῗιέῖ.“ἓὲιι.ᾞῗέμῖἰῗῖα”””·

250 1923 264 1938 ⁰
288 1919 387 1960 Pliny
405 1919 467 1950 has
485 1919 584 1960 again
603 1918 765 1950 confused
783 1918 861 1951 οὖλα
878 1918 960 1949 with
979 1917 1074 1950 οὑλαί
1089 1921 1157 1957 (see
1175 1917 1387 1949 Dioscorides

208 1963 267 1995 IV.
302 1963 373 1999 152,
399 1963 479 1994 οὖλα
507 1962 787 2003 ρευματιζόμενα).
842 1961 923 1992 This
957 1960 1098 2002 chapter
1132 1961 1170 1992 of
1201 1960 1242 1992 D.
1278 1960 1387 1991 shows

207 2006 294 2037 close
310 2004 555 2037 resemblancee
571 2009 609 2037 to
626 2005 735 2046 Pliny.

210 2067 280 2112 426
