1469 2299
411 122 605 161 PLINY:
651 124 912 161 NATURAL
946 124 1178 161 HISTORY

207 224 397 274 quamdiu
426 225 547 274 pedes
574 225 705 274 frigidi
733 231 879 268 essent,
905 231 1001 262 tunc
1027 225 1189 274 quidem
1214 238 1287 262 nec
1313 239 1380 275 po-

204 281 355 314 tionem
371 278 556 315 dandam.
612 279 657 314 fit
674 284 715 314 et
731 291 779 314 ex
796 281 928 315 tritico
944 279 1177 328 glutinosior
1194 282 1381 316 arteriae-

207 345 284 380 que
311 331 564 368 exulceratae
591 332 733 368 utilior.

119 391 177 421 137
258 385 421 421 LXVII.
451 385 624 435 Amylon
653 384 821 421 hebetat
850 384 994 427 oculos,
1026 391 1068 421 et
1095 385 1212 435 gulae
1242 386 1381 421 inutile

204 444 341 474 contra
365 451 485 487 quam
510 438 695 474 creditur.
751 441 848 474 item
874 438 1004 474 alvum
1028 441 1146 482 sistit,
1172 438 1380 488 epiphoras

206 491 407 528 oculorum
439 491 594 528 inhibet
625 498 667 528 et
698 491 830 528 ulcera
860 497 988 534 sanat,
1020 494 1117 528 item
1149 492 1308 540 pusulas
1340 498 1382 529 et

204 544 411 581 fluctiones
452 547 666 595 sanguinis,
721 558 844 607 genas
885 545 1003 581 duras
1046 546 1208 582 emollit.
1263 545 1383 582 datur

206 612 296 634 cum
329 612 402 635 ovo
436 597 494 635 his
528 601 594 648 qui
628 601 863 648 sanguinem
897 601 1121 642 reiecerint,
1155 601 1194 635 in
1228 601 1381 636 vesicae

206 665 296 688 vero
321 652 455 688 dolore
479 655 681 688 semuncia
706 652 825 702 amyli
849 665 940 688 cum
963 665 1036 688 ovo
1061 658 1103 689 et
1126 655 1229 701 passi
1255 653 1382 689 tribus

205 708 285 741 ovis
329 704 624 742 subfervefacta
668 719 691 741 a
733 705 902 742 balineo.
958 708 1054 754 quin
1098 711 1140 742 et
1183 719 1381 742 avenacea

205 758 331 794 farina
353 758 548 794 decocta
539 772 579 794 m
601 764 715 795 aceto
737 772 882 795 naevos
904 759 1020 795 tollit.

122 817 179 847 138
259 812 445 848 LXVIII.
477 811 593 848 Panis
632 811 694 848 hic
733 814 817 861 ipse
857 825 936 861 quo
975 814 1118 848 vivitur
1156 815 1382 849 innumeras

206 878 332 914 paene
371 868 551 902 continet
588 865 817 902 medicinas.
873 878 922 902 ex
961 879 1066 915 aqua
1105 871 1147 902 et
1185 865 1272 902 oleo
1310 872 1382 903 aut

205 931 364 955 rosaceo
393 919 519 955 mollit
549 919 814 962 collectiones,
845 931 893 954 ex
924 932 1029 968 aqua
1058 918 1184 955 mulsa
1214 919 1381 956 duritias

205 972 319 1008 valde
354 974 525 1022 mitigat.
581 972 700 1008 datur
735 985 782 1008 ex
818 975 908 1008 vino
943 972 993 1008 ad
1026 972 1277 1009 discutienda
1312 979 1382 1010 aut

205 1038 308 1074 quae
333 1028 569 1075 praestringi
594 1039 692 1075 opus
715 1028 767 1062 sit
790 1031 845 1069 et,
867 1028 897 1062 si
922 1028 1047 1076 magis
1072 1029 1306 1070 etiamnum,
1330 1039 1379 1063 ex

206 1085 334 1121 aceto,
381 1079 568 1115 adversus
615 1085 752 1115 acutas
798 1081 969 1128 pituitae
1017 1079 1237 1123 fluctiones,
1283 1093 1381 1129 quas

207 1132 347 1168 Graeci
394 1132 698 1169 rheumatismos
744 1138 900 1176 vocant,
945 1135 1043 1169 item
1088 1133 1138 1169 ad
1183 1146 1381 1182 percussa,

206 1185 356 1222 luxata.
411 1186 460 1222 ad
489 1188 622 1222 omnia
649 1191 785 1222 autem
814 1185 1095 1229 fermentatus,
1124 1189 1191 1235 qui
1220 1193 1382 1224 vocatur

206 1245 438 1289 autopyrus,
467 1240 609 1276 utilior.
664 1239 842 1276 inlinitur
870 1245 911 1276 et
938 1239 1186 1290 paronychiis
1215 1246 1257 1277 et
1283 1241 1382 1277 callo

206 1293 354 1341 pedum
391 1295 429 1329 in
466 1299 592 1329 aceto.
648 1299 762 1329 vetus
799 1299 869 1329 aut
904 1296 1086 1330 nauticus
1122 1296 1234 1342 panis
1270 1299 1381 1331 tusus

122 1351 179 1382 139
206 1352 328 1395 atque
365 1349 510 1383 iterum
547 1352 682 1383 coctus
718 1349 823 1383 sistit
858 1346 1002 1383 alvum.
1058 1349 1160 1383 vocis
1197 1347 1380 1384 studiosis

208 1405 249 1436 et
292 1406 431 1436 contra
474 1400 762 1436 destillationes
806 1402 951 1436 siccum
996 1413 1080 1436 esse
1125 1403 1251 1449 primo
1294 1402 1381 1438 cibo

207 1453 458 1490 utilissimum
505 1459 577 1490 est.
632 1456 811 1497 sitanius,
856 1453 929 1490 hoc
975 1459 1036 1490 est
1082 1466 1130 1489 ex
1177 1457 1380 1499 trimestri,

205 1509 360 1543 incussa
380 1510 418 1543 in
439 1506 539 1543 facie
559 1513 629 1543 aut
649 1507 911 1556 desquamata
931 1520 1019 1543 cum
1040 1507 1157 1543 melle
1177 1511 1380 1557 aptissime

204 1567 329 1598 curat.
384 1561 575 1597 candidus
599 1563 727 1610 aegris
752 1574 856 1610 aqua
879 1561 1006 1597 calida
1029 1560 1222 1611 frigidave
1245 1562 1380 1599 made-

253 1769 267 1784 ⁰
291 1764 347 1801 Or,
366 1764 541 1795 “cheeks.“

255 1808 267 1827 ὖ
292 1807 400 1838 Bread
428 1807 527 1838 made
553 1807 634 1838 with
662 1807 884 1843 whole-meal,
910 1817 998 1838 none
1024 1807 1063 1838 of
1084 1807 1143 1839 the
1170 1807 1252 1838 bran
1281 1808 1379 1849 being

207 1851 311 1882 taken
333 1861 440 1890 away.

256 1899 267 1913 ⁶
290 1893 395 1923 There
417 1894 444 1923 is
465 1903 484 1922 a
505 1892 616 1923 doubt
637 1892 743 1923 about
765 1892 907 1922 silanius
925 1892 1044 1929 (Greek
1064 1893 1238 1934 σητάνιος).
1287 1893 1375 1924 Used

209 1936 248 1967 of
257 1936 342 1966 flour
354 1937 388 1966 in
403 1936 640 1975 Hippocrates,
655 1936 682 1966 it
695 1946 800 1966 seems
814 1940 850 1966 to
864 1946 962 1966 mean
978 1936 996 1947 ‘⁴
1011 1935 1113 1966 sifted
1128 1935 1167 1973 '’;
1192 1935 1328 1977 applied
1341 1939 1377 1967 to

208 1980 314 2020 grain,
331 1979 476 2019 perhaps
494 1978 512 1990 ‘⁸
527 1978 597 2009 this
612 1978 755 2019 year's.⁷‘

199 2064 268 2101 392
