1469 2299
392 130 586 167 PLINY:
632 129 894 166 NATURAL
928 128 1160 166 HISTORY

190 236 419 281 sistuntque
450 232 594 268 alvum.
650 234 749 268 item
778 232 895 268 sorba
925 234 1040 274 sicca,
1062 245 1154 267 nam
1185 234 1364 268 recentia

193 286 398 323 stomacho
421 291 463 322 et
486 285 573 321 alvo
595 288 700 321 citae
722 290 901 334 prosunt.

104 345 162 375 142
246 339 428 376 LXXIV.
460 339 592 375 Nuces
641 341 786 387 pineae
836 350 940 387 quae
990 339 1162 374 resinam
1211 336 1363 374 habent

191 399 383 429 contusae
399 393 555 435 leviter,
568 391 715 427 additis
730 394 771 427 in
785 391 961 441 singulas
974 391 1138 440 singulis
1152 391 1165 413 ¹
1181 393 1364 428 sextariis

193 460 322 495 aquae
349 446 398 482 ad
424 446 633 482 dimidium
658 445 865 488 decoctae,
891 447 1094 494 sanguinis
1120 447 1363 481 excreationi

191 500 409 536 medentur
429 502 485 535 ita
506 504 550 535 ut
567 498 702 548 cyathi
723 499 804 534 bini
825 499 1017 534 bibantur
1037 511 1085 534 ex
1107 510 1166 534 eo.
1210 500 1364 534 corticis

193 566 214 589 e
252 556 348 602 pinu
387 555 425 588 in
464 555 554 588 vino
593 552 805 588 decoctum
843 557 983 588 contra
1020 553 1193 587 tormina
1230 551 1361 587 datur.

192 607 321 643 nuclei
363 608 472 642 nucis
512 608 656 654 pineae
696 608 803 641 sitim
843 605 988 642 sedant
1028 610 1070 641 et
1109 607 1364 641 acrimoniam

193 659 386 696 stomachi
418 662 672 708 rosionesque
708 664 750 695 et
783 661 998 695 contrarios
1033 671 1188 694 umores
1223 661 1363 695 consis-

194 719 329 750 tentes
350 714 418 756 ibi,
441 719 481 748 et
504 712 782 748 infirmitatem
803 715 945 748 virium
965 708 1169 755 roborant,
1192 712 1366 753 renibus,

107 773 166 803 143
194 770 349 803 vesicae
406 766 536 803 utiles.
593 765 728 802 fauces
785 765 972 802 videntur
1027 777 1268 813 exasperare
1324 770 1366 801 et

194 820 386 862 tussim32
423 820 545 856 bilem
572 819 727 868 pellunt
754 821 838 868 poti
866 832 915 855 ex
943 831 1048 867 aqua
1077 824 1147 854 aut
1177 820 1267 854 vino
1295 824 1365 854 aut

194 887 310 923 passo
337 879 406 909 aut
431 873 666 909 balanorum
693 873 872 909 decocto.
928 875 1120 908 miscetur
1145 871 1204 907 his
1229 877 1367 908 contra

193 927 515 963 vehementiores
549 926 744 962 stomachi
774 928 949 962 rosiones
978 927 1198 961 cucumeris
1227 938 1365 961 semen

194 987 236 1017 et
278 994 394 1017 sucus
436 980 672 1029 porcilacae,
715 982 814 1015 item
857 979 907 1015 ad
950 981 1104 1015 vesicae
1148 978 1282 1015 ulcera
1324 984 1366 1014 et

194 1034 342 1071 renes.3
363 1036 551 1082 quoniam
574 1039 616 1069 et
636 1035 791 1069 urinam
812 1035 932 1068 cient.

108 1094 165 1122 144
248 1087 407 1123 LXXV.
440 1086 693 1136 Amygdalae
734 1099 894 1122 amarae
935 1085 1114 1122 radicum
1154 1084 1365 1121 decoctum

193 1147 328 1177 cutem
353 1144 392 1176 in
417 1140 518 1177 facie
543 1143 706 1190 corrigit
729 1139 985 1188 coloremque
1010 1138 1236 1175 hilariorem
1257 1137 1366 1175 facit.

195 1208 316 1231 nuces
339 1197 449 1243 ipsae
472 1208 655 1230 somnum
678 1193 832 1230 faciunt
856 1198 898 1230 et
920 1191 1190 1235 aviditatem‚4
1215 1194 1369 1229 urinam

196 1254 239 1284 et
274 1261 432 1284 menses
469 1250 589 1284 cient.
645 1250 787 1296 capitis
824 1246 949 1283 dolori
986 1246 1209 1282 inlinuntur
1244 1248 1368 1281 maxi-

195 1315 341 1350 meque
363 1304 403 1337 in
425 1300 549 1343 febri;
585 1303 614 1337 si
639 1301 688 1337 ab
711 1301 926 1343 ebrietate,
947 1302 986 1335 in
1009 1305 1124 1336 aceto
1146 1304 1188 1335 et
1209 1311 1370 1335 rosaceo

197 1361 238 1391 et
268 1368 397 1403 aquae
428 1357 616 1391 sextario.
672 1356 910 1403 sanguinem
940 1356 1088 1389 sistunt
1117 1366 1208 1389 cum
1238 1352 1370 1402 amylo

196 1414 237 1444 ct
261 1414 414 1451 menta,
438 1407 667 1457 lethargicis
692 1414 734 1444 et
757 1407 1023 1444 comitialibus
1047 1411 1215 1456 prosunt
1236 1409 1369 1455 capite

196 1468 406 1511 peruncto,
435 1461 686 1511 epinyctidas
714 1466 860 1497 sanant
888 1473 910 1497 e
939 1462 1028 1496 vino
1056 1465 1209 1503 vetere,
1237 1459 1370 1496 ulcera

195 1518 483 1564 putrescentia.
509 1528 653 1551 canum
679 1528 831 1551 morsus
856 1528 946 1550 cum
971 1513 1104 1556 melle,
1130 1519 1172 1550 et
1197 1512 1370 1549 furfures

242 1591 253 1609 ¹
278 1590 427 1630 singulas
445 1590 585 1630 singulis
602 1589 718 1629 Silliq:
745 1589 895 1630 singulas
914 1588 1038 1619 Hard.:
1064 1587 1202 1628 singulis
1218 1587 1305 1619 codd.

242 1633 253 1650 ²
279 1638 313 1664 et
326 1634 449 1684 tussim
477 1633 517 1667 E,
537 1633 710 1672 Mayhoff:
741 1634 862 1663 tussim
886 1635 920 1662 et
944 1631 1105 1673 Detlefsen
1127 1636 1197 1671 post
1218 1630 1369 1662 Urlichs:

290 1687 320 1705 S‘·
407 1701 413 1706 .

198 1681 231 1706 et
244 1676 548 1791 Jizesgepluwhoff
560 1729 633 1750 cum
650 1717 801 1758 pluribus
816 1718 905 1749 codd.
920 1731 926 1748 :
959 1718 1044 1748 renis
1061 1715 1169 1758 Silliq,
1187 1714 1369 1758 Dellessen:

202 1772 485 1835 leffllgrzjigi.tatem
503 1817 508 1834 z
543 1804 738 1835 ariditatem
757 1803 841 1835 coni.
862 1803 1017 1835 Frdhner.

232 1889 245 1903 α
269 1885 349 1916 This
370 1896 428 1916 use
450 1885 487 1915 of
505 1885 550 1915 im
574 1890 605 1916 at
626 1895 732 1915 seems
753 1884 832 1914 akin
854 1887 890 1914 to
911 1883 969 1914 the
990 1883 1180 1914 restrictiva
1201 1892 1259 1913 use
1279 1882 1369 1913 illus-

190 1928 301 1958 trated
323 1928 366 1968 by
388 1928 487 1968 Roby
508 1928 583 1965 (II.)
602 1928 617 1967 ξ
640 1929 721 1959 1650
741 1928 774 1966 (“
790 1926 954 1967 provided
975 1926 1051 1957 that
1068 1926 1113 1966 ⁷¹).

235 1971 246 1989 ὓ
270 1971 350 2001 This
377 1971 581 2011 apparently
610 1972 636 2001 is
664 1971 722 2001 the
749 1970 907 2011 meaning
934 1969 972 2000 of
994 1968 1177 2001 acrimonia
1204 1968 1370 2006 stomachi,

189 2014 315 2053 acitlity
336 2014 373 2044 os
389 2014 446 2044 t-he
465 2013 630 2044 stomach.

195 2070 263 2106 510
