1469 2299
127 749 169 778 88

128 1198 169 1229 89

132 1776 173 1806 90

398 125 592 164 PLINY:
638 126 899 165 NATURAL
934 126 1168 164 HISTORY

193 228 437 265 avidissimas
462 231 644 278 virosque
670 231 708 264 in
734 231 882 265 coitum
909 231 1140 279 pigerrimos
1165 231 1369 278 scripsere,

193 292 302 329 velut
333 292 583 341 providentia
615 298 782 329 naturae
812 291 886 329 hoc
917 292 1149 329 adiumento
1180 298 1275 329 tunc
1306 307 1369 329 va·

192 356 424 393 lentissimo.
480 359 576 393 item
623 357 936 407 graveolentiam
984 356 1133 393 alarum
1182 357 1370 393 emendat

193 421 334 457 radicis
369 421 637 457 emedullatae
672 423 799 463 uncia,
832 423 871 456 in
905 423 981 456 vini
1017 420 1170 457 Falerni
1203 420 1370 457 heminis

194 486 321 522 tribus
341 485 506 521 decocta
527 485 576 521 ad
598 488 738 521 tertias
759 490 800 521 et
821 498 842 520 a
862 485 1020 521 balineo
1040 487 1172 521 ieiuno
1192 487 1370 534 itemque

195 555 285 599 post
311 550 443 586 cibum
471 549 625 600 cyathis
653 549 816 598 singulis
845 555 951 598 pota.
1007 551 1149 585 mirum
1177 555 1239 586 est
1266 549 1371 598 quod

194 613 441 650 Xenocrates
465 616 665 663 promittit
689 615 979 662 experimento,
1004 615 1142 649 vitium
1166 613 1206 650 id
1229 626 1277 650 ex
1302 613 1371 650 alis

194 691 265 727 per
289 680 443 715 urinam
464 678 637 714 effluere.

246 742 390 779 XLIV.
420 741 542 779 Estur
576 748 619 779 et
652 747 889 779 soncos-—ut
923 754 1043 791 quem
1077 740 1232 779 Theseo
1266 742 1372 791 apud

195 805 481 843 Callimachum
525 806 702 856 adponat
745 805 1133 855 Hecale—uterque,
1177 806 1288 842 albus
1331 812 1372 842 et

196 873 319 920 niger.
376 870 555 907 lactucae
590 870 736 907 similes
771 870 902 914 ambo,
937 872 1008 907 nisi
1045 872 1188 919 spinosi
1226 876 1372 913 essent,

195 934 307 971 caule
334 934 511 978 cubitali,
539 934 743 985 anguloso,
769 936 876 970 intus
902 947 1011 978 cavo,
1037 934 1106 970 sed
1133 936 1199 984 qui
1226 934 1373 971 fractus

196 1001 353 1048 copioso
378 999 481 1036 lacte
507 1004 657 1036 manet.
713 998 839 1042 albus,
863 1000 925 1035 cui
951 1011 973 1034 e
997 998 1101 1035 lacte
1126 1000 1243 1041 nitor,
1269 999 1374 1036 utilis

196 1062 463 1113 orthopnoicis
517 1063 761 1100 lactucarum
818 1062 936 1099 modo
989 1076 1037 1099 ex
1091 1063 1373 1100 embammate.

197 1128 462 1164 Erasistratus
482 1127 650 1164 calculos
671 1140 743 1177 per
762 1129 916 1163 urinam
937 1126 1028 1176 pelli
1050 1139 1098 1164 eo
1117 1132 1313 1163 monstrat
1333 1133 1375 1164 et

195 1194 272 1229 oris
315 1191 629 1242 graveolentiam
676 1191 1007 1228 commanducato
1053 1193 1205 1242 corrigi.
1259 1204 1374 1228 sucus

194 1258 316 1293 trium
338 1256 574 1306 cyathorum
598 1269 783 1292 mensura
810 1258 849 1292 in
874 1258 963 1292 vino
987 1255 1076 1292 albo
1100 1261 1141 1292 et
1164 1255 1251 1293 oleo
1273 1255 1372 1292 cale-

196 1320 324 1357 factus
340 1320 503 1358 adiuvat
517 1326 655 1370 partus
670 1323 727 1357 ita
741 1325 786 1357 ut
800 1333 822 1356 a
837 1325 934 1370 potu
951 1319 1159 1357 ambulent
1172 1319 1373 1370 gravidae.

196 1385 316 1421 datur
351 1390 392 1422 et
426 1387 464 1421 in
500 1385 728 1421 sorbitione.
785 1386 868 1434 ipse
903 1384 1024 1421 caulis
1059 1384 1246 1421 decoctus
1280 1383 1376 1421 facit

197 1449 308 1486 laetis
334 1449 623 1486 abundantiam
650 1449 868 1486 nutricibus
894 1448 1146 1498 coloremque
1172 1448 1374 1485 meliorem

198 1513 425 1557 infantium,
444 1513 674 1551 utilissimus
693 1512 752 1549 his
772 1526 875 1563 quae
894 1513 953 1549 lac
972 1513 1043 1549 sibi
1063 1515 1167 1550 coire
1185 1515 1374 1550 sentiant.

198 1578 412 1614 instillatur
448 1578 608 1615 auribus
644 1591 774 1621 sucus,
810 1577 1039 1626 calidusque
1076 1579 1115 1613 in
1151 1579 1376 1628 stranguria

197 1642 348 1679 bibitur
363 1641 497 1693 cyathi
517 1655 703 1679 mensura
720 1647 761 1679 et
780 1644 819 1678 in
836 1641 1028 1678 stomachi
1049 1642 1266 1678 rosionibus
1286 1655 1375 1678 cum

197 1709 348 1743 semine
390 1709 609 1743 cucumeris
651 1705 880 1756 nucleisque
924 1708 1060 1755 pineis.
1116 1705 1293 1742 inlinitur
1334 1711 1376 1742 et

197 1771 301 1807 sedis
330 1771 640 1808 collectionibus.
695 1771 846 1807 bibitur
873 1776 1011 1807 contra
1039 1775 1246 1819 serpentes
1274 1783 1376 1807 scor-

199 1837 430 1885 pionesque,
461 1835 571 1872 radix
604 1848 695 1872 vero
725 1835 913 1871 inlinitur.
970 1834 1111 1871 eadem
1142 1833 1305 1870 decocta
1336 1836 1376 1870 in

243 1953 256 1967 ¹¹
280 1949 308 1979 A
334 1959 417 1989 poor
440 1959 574 1980 woman
599 1948 674 1979 who
698 1948 913 1980 entertained
937 1947 1087 1978 Theseus
1111 1957 1155 1978 on
1179 1957 1243 1979 one
1266 1946 1306 1979 of
1325 1947 1377 1978 his

197 1991 424 2032 expedition&
469 1991 520 2024 Cf.
548 1991 649 2029 ovid,
676 1991 831 2023 Remedia
855 1991 990 2027 amoris,
1017 1992 1090 2022 747.

197 2062 268 2100 354
