1469 2299
68 444 126 475 163

68 1148 128 1180 164

67 1560 126 1592 165

357 101 549 139 PLINY:
596 101 856 139 NA'I'URAL
890 101 1124 138 HISTORY

152 203 389 240 inhaereant
406 204 646 252 corporibus.
703 203 813 252 pellit
833 208 873 239 et
892 205 1189 239 interaneorum
1207 202 1323 242 mala.

154 275 263 299 ramo
291 264 388 305 eius,
415 265 444 298 si
473 263 691 298 subiciatur
718 261 891 311 pulvino,
919 275 1105 298 venerem
1132 262 1326 298 stimulari

153 323 279 364 aiunt,
307 321 699 370 efficacissimamque
727 333 812 357 esse
839 319 1004 357 herbam
1031 325 1169 357 contra
1194 323 1327 357 omnia

156 379 348 416 veneficia
376 380 519 429 quibus
548 382 675 415 coitus
704 378 943 415 inhibeatur.

206 438 355 475 XCIII.
388 437 733 475 Leueanthemum
765 440 983 487 suspiriosis
1015 437 1201 474 medetur
1231 437 1326 474 dua-

153 497 226 533 bus
263 498 443 547 partibus
479 500 582 533 aceti
619 499 875 546 permixtum.
930 496 1209 546 sampsuchum
1245 499 1327 533 sive

154 569 380 592 amaracum
400 558 438 592 iu
459 556 590 606 Cypro
609 556 927 592 laudatissimum
947 562 989 592 et
1007 555 1326 592 odoratissimum

153 616 423 664 scorpionibus
459 615 693 652 adversatur
727 628 777 651 ex
811 620 926 651 aceto
960 628 1005 651 ae
1039 614 1120 651 sale
1155 615 1325 652 inlitum.

153 676 367 710 menstruis
388 687 547 723 quoque
567 673 740 710 multum
758 673 914 710 confert
932 676 1161 723 inpositum.
1200 676 1326 710 minor

155 732 285 769 eidem
327 738 422 782 poto
464 735 530 769 vis.
587 732 748 769 cohibet
789 738 831 769 et
871 732 1074 769 oculorum
1115 731 1324 781 epiphoras

155 804 244 827 cum
280 791 455 840 polenta.
511 805 626 828 sucus
661 791 814 828 decocti
850 794 1021 828 tormina
1055 791 1231 828 discutit.
1286 797 1328 828 et

154 852 276 886 urinis
299 856 340 887 et
362 849 587 901 hydropicis
611 850 720 887 utile.
776 856 911 886 movet
934 856 975 886 et
997 850 1150 886 aridum
1173 857 1328 886 sternu-

153 915 303 945 menta.
360 909 404 946 fit
442 922 489 945 ex
529 923 575 946 eo
613 915 654 946 et
691 909 822 946 oleum
860 909 966 958 quod
1002 908 1325 958 sampsuchinum

155 974 320 1004 vocatur
360 975 430 1004 aut
472 971 741 1005 amaracinum
782 967 832 1004 ad
874 967 1191 1004 excalfaciendos
1232 968 1328 1004 mol-

155 1026 388 1076 liendosque
438 1040 591 1071 nervos,
643 1033 684 1064 et
733 1027 867 1064 vulvas
917 1026 1086 1063 calfacit.
1143 1032 1185 1063 et
1233 1027 1328 1064 folia

155 1086 378 1135 suggillatis
399 1099 488 1122 cum
510 1086 627 1122 melle
649 1092 690 1122 et
710 1086 856 1122 luxatis
876 1099 966 1122 cum
986 1099 1076 1122 cera
1096 1092 1274 1135 prosunt.

204 1144 346 1181 XCIV.
377 1146 606 1181 Anemonas
618 1148 839 1181 coronarias
853 1150 1012 1181 tantum
1027 1145 1212 1189 diximus,
1223 1158 1327 1182 nunc

156 1203 369 1241 reddemus
401 1210 443 1241 et
473 1204 659 1241 medicas.
727 1211 818 1241 sunt
849 1206 916 1253 qui
947 1203 1140 1253 phrenion
1171 1210 1326 1241 vocent.

155 1261 234 1299 duo
277 1265 360 1299 eius
403 1276 574 1312 genera:
630 1266 758 1312 prima
799 1263 1002 1306 silvestris,
1045 1262 1171 1299 altera
1213 1263 1328 1300 cultis

154 1334 334 1365 nascens,
373 1328 543 1371 utraque
580 1322 784 1358 sabulosis.
839 1321 954 1358 huius
992 1321 1124 1371 plures
1161 1324 1328 1371 species,

156 1386 226 1416 aut
264 1383 369 1416 enim
407 1380 660 1430 phoenicium
697 1380 835 1417 florem
871 1379 1008 1424 habet,
1046 1393 1149 1430 quae
1187 1386 1229 1417 et
1265 1394 1328 1417 co-

154 1441 375 1487 piosissima
398 1445 473 1483 est,
495 1445 565 1476 aut
587 1453 832 1489 purpureum
855 1445 925 1476 aut
947 1439 1132 1476 lacteum.
1187 1439 1326 1476 harum

155 1500 275 1534 trium
298 1498 390 1534 folia
411 1501 501 1548 apio
521 1498 664 1535 similia
685 1504 792 1542 sunt,
814 1511 886 1534 nec
907 1504 1060 1535 temere
1082 1499 1328 1548 semipedem

153 1556 368 1594 altitudine
396 1557 611 1601 excedunt,
638 1560 842 1594 cacumine
870 1560 1064 1608 asparagi.
1120 1557 1189 1594 flos
1216 1571 1327 1594 num-

199 1667 213 1681 a
236 1663 335 1694 Pelliz
350 1668 505 1703 suggests
522 1663 599 1694 that
617 1663 676 1694 the
695 1663 780 1693 mala
798 1663 945 1693 referred
962 1667 998 1694 to
1016 1673 1073 1694 are
1089 1663 1148 1694 the
1165 1664 1329 1694 animalia

155 1705 194 1736 of
209 1705 288 1736 XX.
309 1708 339 1744 ἐξ]
354 1709 407 1742 54,
426 1708 501 1742 218,
522 1706 583 1736 but
600 1706 747 1746 perhaps
764 1706 863 1736 other
879 1706 1051 1736 intruders
1068 1717 1125 1737 are
1143 1707 1311 1738 included.

201 1748 213 1767 ¹²
236 1748 307 1779 The
326 1748 423 1779 Bohn
440 1749 645 1779 translation
662 1749 761 1779 takes
777 1749 846 1779 this
862 1752 900 1780 to
917 1749 1004 1779 refer
1020 1754 1057 1779 to
1074 1750 1248 1789 pessaries.
1293 1750 1329 1781 It

155 1802 235 1831 may
248 1791 292 1821 do
304 1802 352 1827 so,
368 1791 429 1821 but
444 1792 459 1822 I
473 1797 600 1822 cannot
612 1791 682 1822 find
695 1791 869 1831 examples
881 1791 919 1822 of
930 1792 1062 1831 impono
1075 1792 1197 1831 (which
1211 1802 1328 1823 means

154 1838 191 1864 to
216 1833 311 1874 place
335 1845 377 1865 on
402 1834 516 1864 rat-her
539 1834 624 1865 than
650 1835 700 1873 in)
725 1835 759 1864 in
783 1835 852 1864 this
879 1836 1091 1866 connection.
1138 1835 1209 1865 The
1235 1835 1327 1865 word

153 1877 324 1917 generally
344 1877 425 1908 used
449 1878 476 1908 is
499 1876 542 1907 ad
544 1887 638 1916 pono.
678 1877 850 1917 Imponere
870 1878 897 1908 is
914 1881 952 1908 to
971 1877 1075 1918 apply
1095 1888 1131 1908 as
1151 1888 1169 1908 a
1190 1877 1327 1918 plaster,

154 1920 291 1951 inlinere
305 1924 342 1951 to
357 1919 461 1960 apply
475 1930 511 1950 as
527 1920 690 1951 liniment.

203 1967 214 1981 ⁰
237 1965 298 1993 See
314 1963 345 2001 ἓξ,
360 1964 401 1993 64
415 1963 450 1993 ff.
468 1963 507 1992 of
518 1963 587 1993 this
605 1963 704 1993 book.

149 2023 218 2070 276
