<?xml version="1.0" encoding="UTF-8"?>
<!DOCTYPE html PUBLIC "-//W3C//DTD XHTML 1.0 Transitional//EN"
    "http://www.w3.org/TR/xhtml1/DTD/xhtml1-transitional.dtd">
<html xmlns="http://www.w3.org/1999/xhtml" xml:lang="en" lang="en">
 <head>
  <title>
</title>
<meta http-equiv="Content-Type" content="text/html;charset=utf-8" />
  <meta name='ocr-system' content='tesseract 3.04.00' />
  <meta name='ocr-capabilities' content='ocr_page ocr_carea ocr_par ocr_line ocrx_word'/>
</head>
<body>
  <div class='ocr_page' id='page_1' title='image "./naturalhistory06plinuoft_0270.png"; bbox 0 0 1469 2299; ppageno 0'>
   <div class='ocr_carea' id='block_1_1' title="bbox 357 91 1121 129">
    <p class='ocr_par' dir='ltr' id='par_1_1' title="bbox 357 91 1121 129">
     <span class='ocr_line' id='line_1_1' title="bbox 357 91 1121 129; baseline 0 -2"><span class='ocrx_word' id='word_1_1' title='bbox 357 91 550 128; x_wconf 80' lang='lat' dir='ltr'>PLINY:</span> <span class='ocrx_word' id='word_1_2' title='bbox 595 92 855 129; x_wconf 80' lang='lat' dir='ltr'><strong>NATURAL</strong></span> <span class='ocrx_word' id='word_1_3' title='bbox 889 91 1121 129; x_wconf 86' lang='lat' dir='ltr'>HISTORY</span> 
     </span>
    </p>
   </div>
   <div class='ocr_carea' id='block_1_2' title="bbox 66 177 1331 1294">
    <p class='ocr_par' dir='ltr' id='par_1_2' title="bbox 66 177 1331 1294">
     <span class='ocr_line' id='line_1_2' title="bbox 153 177 1321 226; baseline 0.001 -13"><span class='ocrx_word' id='word_1_4' title='bbox 153 177 340 213; x_wconf 80' lang='lat' dir='ltr'>Hesiodo.</span> <span class='ocrx_word' id='word_1_5' title='bbox 396 177 563 213; x_wconf 85' lang='lat' dir='ltr'>tradunt</span> <span class='ocrx_word' id='word_1_6' title='bbox 601 183 643 213; x_wconf 84' lang='lat' dir='ltr'>et</span> <span class='ocrx_word' id='word_1_7' title='bbox 676 183 771 213; x_wconf 87' lang='lat' dir='ltr'>ante</span> <span class='ocrx_word' id='word_1_8' title='bbox 805 183 939 226; x_wconf 86' lang='lat' dir='ltr'>portas</span> <span class='ocrx_word' id='word_1_9' title='bbox 974 178 1153 214; x_wconf 82' lang='lat' dir='ltr'>villarum</span> <span class='ocrx_word' id='word_1_10' title='bbox 1191 184 1321 214; x_wconf 85' lang='lat' dir='ltr'>satum</span> 
     </span>
     <span class='ocr_line' id='line_1_3' title="bbox 153 230 1322 280; baseline 0.002 -15"><span class='ocrx_word' id='word_1_11' title='bbox 153 231 330 267; x_wconf 82' lang='lat' dir='ltr'>remedio</span> <span class='ocrx_word' id='word_1_12' title='bbox 348 243 433 266; x_wconf 85' lang='lat' dir='ltr'>esse</span> <span class='ocrx_word' id='word_1_13' title='bbox 447 236 585 266; x_wconf 87' lang='lat' dir='ltr'>contra</span> <span class='ocrx_word' id='word_1_14' title='bbox 599 230 879 267; x_wconf 76' lang='lat' dir='ltr'>veneficiorum</span> <span class='ocrx_word' id='word_1_15' title='bbox 893 233 1064 267; x_wconf 82' lang='lat' dir='ltr'>noxiam.</span> <span class='ocrx_word' id='word_1_16' title='bbox 1119 230 1322 280; x_wconf 76' lang='lat' dir='ltr'>asphodeli</span> 
     </span>
     <span class='ocr_line' id='line_1_4' title="bbox 66 283 1324 333; baseline 0.002 -15"><span class='ocrx_word' id='word_1_17' title='bbox 66 289 126 320; x_wconf 79' lang='lat'>109</span> <span class='ocrx_word' id='word_1_18' title='bbox 154 286 399 320; x_wconf 73' lang='lat' dir='ltr'>mentionem</span> <span class='ocrx_word' id='word_1_19' title='bbox 443 290 485 320; x_wconf 89' lang='lat' dir='ltr'>et</span> <span class='ocrx_word' id='word_1_20' title='bbox 528 284 725 320; x_wconf 84' lang='lat' dir='ltr'>Homerus</span> <span class='ocrx_word' id='word_1_21' title='bbox 768 283 876 320; x_wconf 88' lang='lat' dir='ltr'>fecit.</span> <span class='ocrx_word' id='word_1_22' title='bbox 931 283 1043 320; x_wconf 83' lang='lat' dir='ltr'>radix</span> <span class='ocrx_word' id='word_1_23' title='bbox 1087 286 1170 321; x_wconf 92' lang='lat' dir='ltr'>eius</span> <span class='ocrx_word' id='word_1_24' title='bbox 1213 287 1324 333; x_wconf 89' lang='lat' dir='ltr'>napis</span> 
     </span>
     <span class='ocr_line' id='line_1_5' title="bbox 152 337 1322 386; baseline 0.002 -14"><span class='ocrx_word' id='word_1_25' title='bbox 152 337 315 373; x_wconf 87' lang='lat' dir='ltr'>modicis</span> <span class='ocrx_word' id='word_1_26' title='bbox 353 337 487 373; x_wconf 89' lang='lat' dir='ltr'>similis</span> <span class='ocrx_word' id='word_1_27' title='bbox 532 343 606 380; x_wconf 91' lang='lat' dir='ltr'>est,</span> <span class='ocrx_word' id='word_1_28' title='bbox 650 350 780 386; x_wconf 87' lang='lat' dir='ltr'>neque</span> <span class='ocrx_word' id='word_1_29' title='bbox 824 337 901 373; x_wconf 88' lang='lat' dir='ltr'>alia</span> <span class='ocrx_word' id='word_1_30' title='bbox 940 340 1185 374; x_wconf 87' lang='lat' dir='ltr'>numerosior</span> <span class='ocrx_word' id='word_1_31' title='bbox 1227 350 1322 374; x_wconf 77' lang='lat' dir='ltr'>Lxxx</span> 
     </span>
     <span class='ocr_line' id='line_1_6' title="bbox 157 390 1324 440; baseline 0.001 -14"><span class='ocrx_word' id='word_1_32' title='bbox 157 390 272 426; x_wconf 91' lang='lat' dir='ltr'>simul</span> <span class='ocrx_word' id='word_1_33' title='bbox 321 393 514 427; x_wconf 81' lang='lat' dir='ltr'>acervatis</span> <span class='ocrx_word' id='word_1_34' title='bbox 565 403 685 439; x_wconf 89' lang='lat' dir='ltr'>saepe</span> <span class='ocrx_word' id='word_1_35' title='bbox 736 390 878 427; x_wconf 91' lang='lat' dir='ltr'>bulbis.</span> <span class='ocrx_word' id='word_1_36' title='bbox 932 390 1230 440; x_wconf 79' lang='lat' dir='ltr'>Theophrastus</span> <span class='ocrx_word' id='word_1_37' title='bbox 1282 397 1324 427; x_wconf 84' lang='lat' dir='ltr'>et</span> 
     </span>
     <span class='ocr_line' id='line_1_7' title="bbox 152 443 1326 494; baseline 0.002 -15"><span class='ocrx_word' id='word_1_38' title='bbox 152 443 235 479; x_wconf 87' lang='lat' dir='ltr'>fere</span> <span class='ocrx_word' id='word_1_39' title='bbox 275 443 416 480; x_wconf 85' lang='lat' dir='ltr'>Graeci</span> <span class='ocrx_word' id='word_1_40' title='bbox 455 446 719 493; x_wconf 86' lang='lat' dir='ltr'>princepsque</span> <span class='ocrx_word' id='word_1_41' title='bbox 763 443 1011 494; x_wconf 84' lang='lat' dir='ltr'>Pythagoras</span> <span class='ocrx_word' id='word_1_42' title='bbox 1049 444 1204 481; x_wconf 85' lang='lat' dir='ltr'>caulem</span> <span class='ocrx_word' id='word_1_43' title='bbox 1243 446 1326 481; x_wconf 90' lang='lat' dir='ltr'>eius</span> 
     </span>
     <span class='ocr_line' id='line_1_8' title="bbox 155 497 1325 547; baseline 0.002 -15"><span class='ocrx_word' id='word_1_44' title='bbox 155 497 371 534; x_wconf 77' lang='lat' dir='ltr'>cubitalem</span> <span class='ocrx_word' id='word_1_45' title='bbox 410 503 451 533; x_wconf 95' lang='lat' dir='ltr'>et</span> <span class='ocrx_word' id='word_1_46' title='bbox 489 510 608 546; x_wconf 81' lang='lat' dir='ltr'>saepe</span> <span class='ocrx_word' id='word_1_47' title='bbox 647 497 769 534; x_wconf 89' lang='lat' dir='ltr'>duum</span> <span class='ocrx_word' id='word_1_48' title='bbox 807 498 1046 541; x_wconf 88' lang='lat' dir='ltr'>cubitorum,</span> <span class='ocrx_word' id='word_1_49' title='bbox 1084 497 1184 534; x_wconf 89' lang='lat' dir='ltr'>foliis</span> <span class='ocrx_word' id='word_1_50' title='bbox 1222 500 1325 547; x_wconf 89' lang='lat' dir='ltr'>porri</span> 
     </span>
     <span class='ocr_line' id='line_1_9' title="bbox 156 550 1328 594; baseline 0.002 -8"><span class='ocrx_word' id='word_1_51' title='bbox 156 551 358 594; x_wconf 84' lang='lat' dir='ltr'>silvestris,</span> <span class='ocrx_word' id='word_1_52' title='bbox 381 550 630 587; x_wconf 78' lang='lat' dir='ltr'>anthericum</span> <span class='ocrx_word' id='word_1_53' title='bbox 653 563 857 594; x_wconf 81' lang='lat' dir='ltr'>vocavere,</span> <span class='ocrx_word' id='word_1_54' title='bbox 879 551 1053 587; x_wconf 86' lang='lat' dir='ltr'>radicem</span> <span class='ocrx_word' id='word_1_55' title='bbox 1076 564 1182 594; x_wconf 79' lang='lat' dir='ltr'>vero,</span> <span class='ocrx_word' id='word_1_56' title='bbox 1204 551 1243 588; x_wconf 92' lang='lat' dir='ltr'>id</span> <span class='ocrx_word' id='word_1_57' title='bbox 1266 557 1328 588; x_wconf 76' lang='lat' dir='ltr'>est</span> 
     </span>
     <span class='ocr_line' id='line_1_10' title="bbox 155 603 1328 653; baseline 0.002 -14"><span class='ocrx_word' id='word_1_58' title='bbox 155 604 308 647; x_wconf 79' lang='lat' dir='ltr'>bulbos,</span> <span class='ocrx_word' id='word_1_59' title='bbox 330 603 602 653; x_wconf 80' lang='lat' dir='ltr'>asphodelum.</span> <span class='ocrx_word' id='word_1_60' title='bbox 659 607 782 641; x_wconf 82' lang='lat' dir='ltr'>nostri</span> <span class='ocrx_word' id='word_1_61' title='bbox 797 604 893 641; x_wconf 87' lang='lat' dir='ltr'>illud</span> <span class='ocrx_word' id='word_1_62' title='bbox 915 604 1099 640; x_wconf 85' lang='lat' dir='ltr'>albucum</span> <span class='ocrx_word' id='word_1_63' title='bbox 1121 610 1264 641; x_wconf 77' lang='lat' dir='ltr'>vocant</span> <span class='ocrx_word' id='word_1_64' title='bbox 1285 610 1328 641; x_wconf 78' lang='lat' dir='ltr'>et</span> 
     </span>
     <span class='ocr_line' id='line_1_11' title="bbox 152 657 1328 708; baseline 0.001 -15"><span class='ocrx_word' id='word_1_65' title='bbox 152 657 424 694; x_wconf 82' lang='lat' dir='ltr'>anthericum¹</span> <span class='ocrx_word' id='word_1_66' title='bbox 444 657 668 694; x_wconf 83' lang='lat' dir='ltr'>hastulam2</span> <span class='ocrx_word' id='word_1_67' title='bbox 690 660 855 708; x_wconf 85' lang='lat' dir='ltr'>regiam,</span> <span class='ocrx_word' id='word_1_68' title='bbox 871 658 992 694; x_wconf 89' lang='lat' dir='ltr'>caulis</span> <span class='ocrx_word' id='word_1_69' title='bbox 1009 660 1168 701; x_wconf 85' lang='lat' dir='ltr'>acinosi‚</span> <span class='ocrx_word' id='word_1_70' title='bbox 1185 672 1229 694; x_wconf 89' lang='lat' dir='ltr'>ac</span> <span class='ocrx_word' id='word_1_71' title='bbox 1249 658 1328 694; x_wconf 92' lang='lat' dir='ltr'>duo</span> 
     </span>
     <span class='ocr_line' id='line_1_12' title="bbox 67 710 1328 761; baseline 0.002 -15"><span class='ocrx_word' id='word_1_72' title='bbox 67 715 127 746; x_wconf 86' lang='lat' dir='ltr'>llo</span> <span class='ocrx_word' id='word_1_73' title='bbox 153 724 303 759; x_wconf 82' lang='lat' dir='ltr'>genera</span> <span class='ocrx_word' id='word_1_74' title='bbox 343 710 505 747; x_wconf 89' lang='lat' dir='ltr'>faciunt.</span> <span class='ocrx_word' id='word_1_75' title='bbox 562 711 702 747; x_wconf 87' lang='lat' dir='ltr'>albuco</span> <span class='ocrx_word' id='word_1_76' title='bbox 741 725 882 760; x_wconf 89' lang='lat' dir='ltr'>scapus</span> <span class='ocrx_word' id='word_1_77' title='bbox 921 711 1119 754; x_wconf 88' lang='lat' dir='ltr'>cubitalis,</span> <span class='ocrx_word' id='word_1_78' title='bbox 1160 711 1328 761; x_wconf 84' lang='lat' dir='ltr'>amplus,</span> 
     </span>
     <span class='ocr_line' id='line_1_13' title="bbox 155 764 1328 814; baseline 0.002 -15"><span class='ocrx_word' id='word_1_79' title='bbox 155 777 291 813; x_wconf 83' lang='lat' dir='ltr'>purus,</span> <span class='ocrx_word' id='word_1_80' title='bbox 322 764 431 808; x_wconf 81' lang='lat' dir='ltr'>levis,</span> <span class='ocrx_word' id='word_1_81' title='bbox 463 765 512 800; x_wconf 91' lang='lat' dir='ltr'>de</span> <span class='ocrx_word' id='word_1_82' title='bbox 545 778 623 814; x_wconf 89' lang='lat' dir='ltr'>quo</span> <span class='ocrx_word' id='word_1_83' title='bbox 657 764 781 814; x_wconf 83' lang='lat' dir='ltr'>Mago</span> <span class='ocrx_word' id='word_1_84' title='bbox 813 767 1006 813; x_wconf 79' lang='lat' dir='ltr'>praecipit</span> <span class='ocrx_word' id='word_1_85' title='bbox 1039 767 1149 801; x_wconf 83' lang='lat' dir='ltr'>exitu</span> <span class='ocrx_word' id='word_1_86' title='bbox 1183 767 1328 802; x_wconf 87' lang='lat' dir='ltr'>mensis</span> 
     </span>
     <span class='ocr_line' id='line_1_14' title="bbox 157 817 1327 867; baseline 0.002 -15"><span class='ocrx_word' id='word_1_87' title='bbox 157 817 280 853; x_wconf 79' lang='lat' dir='ltr'>Marti</span> <span class='ocrx_word' id='word_1_88' title='bbox 299 823 341 854; x_wconf 92' lang='lat' dir='ltr'>et</span> <span class='ocrx_word' id='word_1_89' title='bbox 358 820 470 854; x_wconf 90' lang='lat' dir='ltr'>initio</span> <span class='ocrx_word' id='word_1_90' title='bbox 488 818 647 867; x_wconf 84' lang='lat' dir='ltr'>Aprilis,</span> <span class='ocrx_word' id='word_1_91' title='bbox 665 832 755 854; x_wconf 92' lang='lat' dir='ltr'>cum</span> <span class='ocrx_word' id='word_1_92' title='bbox 773 817 964 861; x_wconf 87' lang='lat' dir='ltr'>floruerit,</span> <span class='ocrx_word' id='word_1_93' title='bbox 982 818 1158 854; x_wconf 91' lang='lat' dir='ltr'>nondum</span> <span class='ocrx_word' id='word_1_94' title='bbox 1176 821 1327 854; x_wconf 90' lang='lat' dir='ltr'>semine</span> 
     </span>
     <span class='ocr_line' id='line_1_15' title="bbox 156 871 1328 921; baseline 0.001 -15"><span class='ocrx_word' id='word_1_95' title='bbox 156 873 239 907; x_wconf 86' lang='lat' dir='ltr'>eius</span> <span class='ocrx_word' id='word_1_96' title='bbox 256 873 564 914; x_wconf 81' lang='lat' dir='ltr'>intumescente,</span> <span class='ocrx_word' id='word_1_97' title='bbox 581 871 870 908; x_wconf 89' lang='lat' dir='ltr'>demetendum</span> <span class='ocrx_word' id='word_1_98' title='bbox 886 871 1174 921; x_wconf 87' lang='lat' dir='ltr'>findendosque</span> <span class='ocrx_word' id='word_1_99' title='bbox 1191 885 1328 920; x_wconf 87' lang='lat' dir='ltr'>scapos</span> 
     </span>
     <span class='ocr_line' id='line_1_16' title="bbox 158 925 1327 974; baseline 0.001 -14"><span class='ocrx_word' id='word_1_100' title='bbox 158 930 198 960; x_wconf 85' lang='lat' dir='ltr'>et</span> <span class='ocrx_word' id='word_1_101' title='bbox 226 930 369 974; x_wconf 89' lang='lat' dir='ltr'>quarto</span> <span class='ocrx_word' id='word_1_102' title='bbox 395 925 459 961; x_wconf 87' lang='lat' dir='ltr'>die</span> <span class='ocrx_word' id='word_1_103' title='bbox 487 927 525 960; x_wconf 90' lang='lat' dir='ltr'>in</span> <span class='ocrx_word' id='word_1_104' title='bbox 552 925 675 961; x_wconf 85' lang='lat' dir='ltr'>solem</span> <span class='ocrx_word' id='word_1_105' title='bbox 702 925 974 974; x_wconf 87' lang='lat' dir='ltr'>proferendos,</span> <span class='ocrx_word' id='word_1_106' title='bbox 1002 927 1057 961; x_wconf 81' lang='lat' dir='ltr'>ita</span> <span class='ocrx_word' id='word_1_107' title='bbox 1083 927 1217 961; x_wconf 85' lang='lat' dir='ltr'>siccati</span> <span class='ocrx_word' id='word_1_108' title='bbox 1245 939 1327 961; x_wconf 83' lang='lat' dir='ltr'>rna-</span> 
     </span>
     <span class='ocr_line' id='line_1_17' title="bbox 68 977 1328 1027; baseline 0.003 -16"><span class='ocrx_word' id='word_1_109' title='bbox 68 982 125 1011; x_wconf 92' lang='lat' dir='ltr'>lll</span> <span class='ocrx_word' id='word_1_110' title='bbox 155 977 309 1027; x_wconf 87' lang='lat' dir='ltr'>nipulos</span> <span class='ocrx_word' id='word_1_111' title='bbox 348 978 562 1015; x_wconf 83' lang='lat' dir='ltr'>faciendos.</span> <span class='ocrx_word' id='word_1_112' title='bbox 618 978 724 1016; x_wconf 83' lang='lat' dir='ltr'>idem</span> <span class='ocrx_word' id='word_1_113' title='bbox 763 981 892 1015; x_wconf 83' lang='lat' dir='ltr'>oiston</span> <span class='ocrx_word' id='word_1_114' title='bbox 926 978 1075 1015; x_wconf 81' lang='lat' dir='ltr'>adicit³</span> <span class='ocrx_word' id='word_1_115' title='bbox 1110 992 1132 1014; x_wconf 86' lang='lat' dir='ltr'>a</span> <span class='ocrx_word' id='word_1_116' title='bbox 1167 979 1328 1015; x_wconf 88' lang='lat' dir='ltr'>Graecis</span> 
     </span>
     <span class='ocr_line' id='line_1_18' title="bbox 155 1031 1328 1082; baseline 0.002 -16"><span class='ocrx_word' id='word_1_117' title='bbox 155 1034 283 1067; x_wconf 80' lang='lat' dir='ltr'>vocari</span> <span class='ocrx_word' id='word_1_118' title='bbox 306 1045 425 1080; x_wconf 80' lang='lat' dir='ltr'>quam</span> <span class='ocrx_word' id='word_1_119' title='bbox 446 1035 550 1068; x_wconf 87' lang='lat' dir='ltr'>inter</span> <span class='ocrx_word' id='word_1_120' title='bbox 571 1032 679 1068; x_wconf 87' lang='lat' dir='ltr'>ulvas</span> <span class='ocrx_word' id='word_1_121' title='bbox 700 1034 891 1082; x_wconf 84' lang='lat' dir='ltr'>sagittam</span> <span class='ocrx_word' id='word_1_122' title='bbox 912 1031 1171 1081; x_wconf 66' lang='lat' dir='ltr'>appellamus</span> <span class='ocrx_word' id='word_1_123' title='bbox 1226 1031 1328 1068; x_wconf 87' lang='lat' dir='ltr'>hanc</span> 
     </span>
     <span class='ocr_line' id='line_1_19' title="bbox 156 1085 1329 1135; baseline 0.001 -15"><span class='ocrx_word' id='word_1_124' title='bbox 156 1085 206 1120; x_wconf 91' lang='lat' dir='ltr'>ab</span> <span class='ocrx_word' id='word_1_125' title='bbox 243 1085 371 1121; x_wconf 81' lang='lat' dir='ltr'>idibus</span> <span class='ocrx_word' id='word_1_126' title='bbox 411 1085 528 1121; x_wconf 81' lang='lat' dir='ltr'>Maiis</span> <span class='ocrx_word' id='word_1_127' title='bbox 567 1098 691 1135; x_wconf 85' lang='lat' dir='ltr'>usque</span> <span class='ocrx_word' id='word_1_128' title='bbox 728 1088 768 1122; x_wconf 91' lang='lat' dir='ltr'>in</span> <span class='ocrx_word' id='word_1_129' title='bbox 805 1085 924 1122; x_wconf 87' lang='lat' dir='ltr'>finem</span> <span class='ocrx_word' id='word_1_130' title='bbox 961 1085 1145 1122; x_wconf 85' lang='lat' dir='ltr'>Octobris</span> <span class='ocrx_word' id='word_1_131' title='bbox 1183 1088 1329 1122; x_wconf 88' lang='lat' dir='ltr'>mensis</span> 
     </span>
     <span class='ocr_line' id='line_1_20' title="bbox 156 1138 1328 1188; baseline 0.001 -14"><span class='ocrx_word' id='word_1_132' title='bbox 156 1138 388 1174; x_wconf 79' lang='lat' dir='ltr'>decorticari</span> <span class='ocrx_word' id='word_1_133' title='bbox 425 1145 547 1188; x_wconf 85' lang='lat' dir='ltr'>atque</span> <span class='ocrx_word' id='word_1_134' title='bbox 582 1139 659 1175; x_wconf 91' lang='lat' dir='ltr'>leni</span> <span class='ocrx_word' id='word_1_135' title='bbox 696 1139 777 1175; x_wconf 88' lang='lat' dir='ltr'>sole</span> <span class='ocrx_word' id='word_1_136' title='bbox 812 1141 946 1175; x_wconf 88' lang='lat' dir='ltr'>siccari</span> <span class='ocrx_word' id='word_1_137' title='bbox 983 1139 1109 1182; x_wconf 88' lang='lat' dir='ltr'>iubet,</span> <span class='ocrx_word' id='word_1_138' title='bbox 1144 1138 1250 1175; x_wconf 90' lang='lat' dir='ltr'>idem</span> <span class='ocrx_word' id='word_1_139' title='bbox 1287 1145 1328 1176; x_wconf 88' lang='lat' dir='ltr'>et</span> 
     </span>
     <span class='ocr_line' id='line_1_21' title="bbox 159 1191 1330 1243; baseline 0.001 -16"><span class='ocrx_word' id='word_1_140' title='bbox 159 1191 374 1241; x_wconf 84' lang='lat' dir='ltr'>gladiolum</span> <span class='ocrx_word' id='word_1_141' title='bbox 408 1192 578 1229; x_wconf 88' lang='lat' dir='ltr'>alterum</span> <span class='ocrx_word' id='word_1_142' title='bbox 610 1206 729 1242; x_wconf 88' lang='lat' dir='ltr'>quem</span> <span class='ocrx_word' id='word_1_143' title='bbox 761 1195 924 1243; x_wconf 82' lang='lat' dir='ltr'>cypiron</span> <span class='ocrx_word' id='word_1_144' title='bbox 955 1198 1098 1229; x_wconf 87' lang='lat' dir='ltr'>vocant</span> <span class='ocrx_word' id='word_1_145' title='bbox 1129 1198 1171 1228; x_wconf 87' lang='lat' dir='ltr'>et.</span> <span class='ocrx_word' id='word_1_146' title='bbox 1202 1195 1330 1241; x_wconf 85' lang='lat' dir='ltr'>ipsum</span> 
     </span>
     <span class='ocr_line' id='line_1_22' title="bbox 157 1245 1331 1294; baseline 0.001 -13"><span class='ocrx_word' id='word_1_147' title='bbox 157 1245 390 1294; x_wconf 84' lang='lat' dir='ltr'>palustrem,</span> <span class='ocrx_word' id='word_1_148' title='bbox 416 1246 514 1282; x_wconf 88' lang='lat' dir='ltr'>Iulio</span> <span class='ocrx_word' id='word_1_149' title='bbox 536 1259 673 1283; x_wconf 90' lang='lat' dir='ltr'>mense</span> <span class='ocrx_word' id='word_1_150' title='bbox 696 1252 783 1282; x_wconf 87' lang='lat' dir='ltr'>toto</span> <span class='ocrx_word' id='word_1_151' title='bbox 804 1248 927 1282; x_wconf 88' lang='lat' dir='ltr'>secari</span> <span class='ocrx_word' id='word_1_152' title='bbox 949 1247 1063 1282; x_wconf 86' lang='lat' dir='ltr'>iubet</span> <span class='ocrx_word' id='word_1_153' title='bbox 1085 1245 1135 1282; x_wconf 90' lang='lat' dir='ltr'>ad</span> <span class='ocrx_word' id='word_1_154' title='bbox 1157 1246 1331 1282; x_wconf 83' lang='lat' dir='ltr'>radicem</span> 
     </span>
    </p>
   </div>
   <div class='ocr_carea' id='block_1_3' title="bbox 203 1339 1017 1381">
    <p class='ocr_par' dir='ltr' id='par_1_3' title="bbox 203 1339 1017 1381">
     <span class='ocr_line' id='line_1_23' title="bbox 203 1339 1017 1381; baseline 0 -11"><span class='ocrx_word' id='word_1_155' title='bbox 203 1340 214 1358; x_wconf 80' lang='lat'>¹</span> <span class='ocrx_word' id='word_1_156' title='bbox 237 1339 449 1370; x_wconf 82' lang='lat' dir='ltr'>anthericum</span> <span class='ocrx_word' id='word_1_157' title='bbox 465 1351 536 1380; x_wconf 69' lang='lat' dir='ltr'>eqo:</span> <span class='ocrx_word' id='word_1_158' title='bbox 562 1340 785 1381; x_wconf 84' lang='lat' dir='ltr'>asphodelum</span> <span class='ocrx_word' id='word_1_159' title='bbox 802 1341 889 1372; x_wconf 71' lang='lat' dir='ltr'>codd.</span> <span class='ocrx_word' id='word_1_160' title='bbox 905 1345 933 1372; x_wconf 80' lang='lat' dir='ltr'>et</span> <span class='ocrx_word' id='word_1_161' title='bbox 949 1340 1017 1372; x_wconf 81' lang='lat' dir='ltr'>edd.</span> 
     </span>
    </p>
   </div>
   <div class='ocr_carea' id='block_1_4' title="bbox 160 1382 1332 1463">
    <p class='ocr_par' dir='ltr' id='par_1_4' title="bbox 160 1382 1332 1463">
     <span class='ocr_line' id='line_1_24' title="bbox 160 1382 1332 1463; baseline 0.001 -50"><span class='ocrx_word' id='word_1_162' title='bbox 160 1382 413 1463; x_wconf 68' lang='lat' dir='ltr'>D²lhfastulam</span> <span class='ocrx_word' id='word_1_163' title='bbox 455 1394 529 1414; x_wconf 79' lang='lat' dir='ltr'>cum</span> <span class='ocrx_word' id='word_1_164' title='bbox 571 1384 656 1424; x_wconf 68' lang='lat' dir='ltr'>vzzlq.</span> <span class='ocrx_word' id='word_1_165' title='bbox 701 1384 874 1424; x_wconf 27' lang='lat' dir='ltr'>Mayhroff:</span> <span class='ocrx_word' id='word_1_166' title='bbox 930 1383 1079 1414; x_wconf 84' lang='lat' dir='ltr'>assulam</span> <span class='ocrx_word' id='word_1_167' title='bbox 1121 1393 1195 1414; x_wconf 81' lang='lat' dir='ltr'>cum</span> <span class='ocrx_word' id='word_1_168' title='bbox 1237 1383 1266 1414; x_wconf 94' lang='lat' dir='ltr'>V</span> <span class='ocrx_word' id='word_1_169' title='bbox 1310 1384 1332 1415; x_wconf 96' lang='lat' dir='ltr'>d</span> 
     </span>
     <span class='ocr_line' id='line_1_25' title="bbox 194 1431 334 1456; baseline -0.007 0"><span class='ocrx_word' id='word_1_170' title='bbox 194 1431 334 1456; x_wconf 58' lang='lat' dir='ltr'>ete-sen.</span> 
     </span>
    </p>
   </div>
   <div class='ocr_carea' id='block_1_5' title="bbox 160 1468 1333 1552">
    <p class='ocr_par' dir='ltr' id='par_1_5' title="bbox 160 1468 1333 1552">
     <span class='ocr_line' id='line_1_26' title="bbox 203 1468 1333 1510; baseline 0.002 -12"><span class='ocrx_word' id='word_1_171' title='bbox 203 1469 216 1487; x_wconf 76' lang='lat'>³</span> <span class='ocrx_word' id='word_1_172' title='bbox 239 1470 351 1499; x_wconf 74' lang='lat' dir='ltr'>oiston</span> <span class='ocrx_word' id='word_1_173' title='bbox 388 1469 494 1499; x_wconf 78' lang='lat' dir='ltr'>adicit</span> <span class='ocrx_word' id='word_1_174' title='bbox 532 1469 688 1510; x_wconf 75' lang='lat' dir='ltr'>Mayhoff</span> <span class='ocrx_word' id='word_1_175' title='bbox 720 1470 846 1509; x_wconf 79' lang='lat' dir='ltr'>(oiston</span> <span class='ocrx_word' id='word_1_176' title='bbox 882 1469 966 1500; x_wconf 80' lang='lat' dir='ltr'>dicit</span> <span class='ocrx_word' id='word_1_177' title='bbox 1008 1468 1146 1509; x_wconf 78' lang='lat' dir='ltr'>Weise):</span> <span class='ocrx_word' id='word_1_178' title='bbox 1195 1469 1333 1510; x_wconf 80' lang='lat' dir='ltr'>pistana</span> 
     </span>
     <span class='ocr_line' id='line_1_27' title="bbox 160 1511 575 1552; baseline 0.005 -11"><span class='ocrx_word' id='word_1_179' title='bbox 160 1520 234 1541; x_wconf 76' lang='lat' dir='ltr'>cnm</span> <span class='ocrx_word' id='word_1_180' title='bbox 256 1512 298 1542; x_wconf 74' lang='lat' dir='ltr'>V²</span> <span class='ocrx_word' id='word_1_181' title='bbox 319 1512 380 1542; x_wconf 90' lang='lat' dir='ltr'>RE</span> <span class='ocrx_word' id='word_1_182' title='bbox 401 1511 575 1552; x_wconf 55' lang='lat' dir='ltr'>Detlessen.</span> 
     </span>
    </p>
   </div>
   <div class='ocr_carea' id='block_1_6' title="bbox 245 1580 871 1593">
    <p class='ocr_par' dir='ltr' id='par_1_6' title="bbox 245 1580 871 1593">
     <span class='ocr_line' id='line_1_28' title="bbox 245 1580 871 1593; baseline 0 0"><span class='ocrx_word' id='word_1_183' title='bbox 245 1580 871 1593; x_wconf 95' lang='lat' dir='ltr'> </span> 
     </span>
    </p>
   </div>
   <div class='ocr_carea' id='block_1_7' title="bbox 158 1625 1333 2007">
    <p class='ocr_par' dir='ltr' id='par_1_7' title="bbox 203 1625 858 1663">
     <span class='ocr_line' id='line_1_29' title="bbox 203 1625 858 1663; baseline 0.003 -8"><span class='ocrx_word' id='word_1_184' title='bbox 203 1629 218 1643; x_wconf 80' lang='lat'><strong>⁰</strong></span> <span class='ocrx_word' id='word_1_185' title='bbox 240 1625 385 1663; x_wconf 65' lang='lat' dir='ltr'>Odys-sen</span> <span class='ocrx_word' id='word_1_186' title='bbox 403 1625 466 1656; x_wconf 88' lang='lat' dir='ltr'>XI.</span> <span class='ocrx_word' id='word_1_187' title='bbox 485 1627 549 1656; x_wconf 88' lang='grc'>539</span> <span class='ocrx_word' id='word_1_188' title='bbox 567 1625 635 1656; x_wconf 88' lang='lat' dir='ltr'>and</span> <span class='ocrx_word' id='word_1_189' title='bbox 655 1626 787 1657; x_wconf 87' lang='lat' dir='ltr'>XXIV.</span> <span class='ocrx_word' id='word_1_190' title='bbox 808 1627 858 1657; x_wconf 89' lang='lat'>13.</span> 
     </span>
    </p>

    <p class='ocr_par' dir='ltr' id='par_1_8' title="bbox 208 1666 668 1704">
     <span class='ocr_line' id='line_1_30' title="bbox 208 1666 668 1704; baseline 0.004 -6"><span class='ocrx_word' id='word_1_191' title='bbox 208 1666 221 1687; x_wconf 65' lang='grc' dir='ltr'>δ</span> <span class='ocrx_word' id='word_1_192' title='bbox 243 1667 331 1698; x_wconf 87' lang='grc' dir='ltr'><strong><em>Η.Ρ.</em></strong></span> <span class='ocrx_word' id='word_1_193' title='bbox 349 1668 428 1698; x_wconf 89' lang='lat' dir='ltr'>VII.</span> <span class='ocrx_word' id='word_1_194' title='bbox 449 1669 499 1704; x_wconf 90' lang='lat'>13,</span> <span class='ocrx_word' id='word_1_195' title='bbox 517 1669 535 1698; x_wconf 87' lang='lat'><strong>2</strong></span> <span class='ocrx_word' id='word_1_196' title='bbox 552 1668 621 1699; x_wconf 86' lang='lat' dir='ltr'>and</span> <span class='ocrx_word' id='word_1_197' title='bbox 638 1669 668 1700; x_wconf 88' lang='lat'>3.</span> 
     </span>
    </p>

    <p class='ocr_par' dir='ltr' id='par_1_9' title="bbox 158 1710 1333 2007">
     <span class='ocr_line' id='line_1_31' title="bbox 206 1710 1333 1751; baseline 0.001 -11"><span class='ocrx_word' id='word_1_198' title='bbox 206 1714 218 1729; x_wconf 80' lang='lat'><strong>⁰</strong></span> <span class='ocrx_word' id='word_1_199' title='bbox 240 1711 269 1741; x_wconf 80' lang='lat' dir='ltr'><strong>A</strong></span> <span class='ocrx_word' id='word_1_200' title='bbox 287 1710 433 1741; x_wconf 75' lang='lat' dir='ltr'>diffieult</span> <span class='ocrx_word' id='word_1_201' title='bbox 448 1714 619 1742; x_wconf 77' lang='lat' dir='ltr'>sentence.</span> <span class='ocrx_word' id='word_1_202' title='bbox 665 1711 755 1751; x_wconf 81' lang='lat' dir='ltr'>Why</span> <span class='ocrx_word' id='word_1_203' title='bbox 774 1712 801 1742; x_wconf 89' lang='lat' dir='ltr'>is</span> <span class='ocrx_word' id='word_1_204' title='bbox 819 1710 904 1741; x_wconf 76' lang='lat' dir='ltr'>illud</span> <span class='ocrx_word' id='word_1_205' title='bbox 921 1713 1042 1742; x_wconf 73' lang='lat' dir='ltr'>neuter</span> <span class='ocrx_word' id='word_1_206' title='bbox 1054 1713 1068 1742; x_wconf 76' lang='grc' dir='ltr'><em>Ὶ</em></span> <span class='ocrx_word' id='word_1_207' title='bbox 1112 1710 1212 1742; x_wconf 82' lang='lat' dir='ltr'>Jan‘s</span> <span class='ocrx_word' id='word_1_208' title='bbox 1228 1710 1333 1742; x_wconf 86' lang='lat' dir='ltr'>index</span> 
     </span>
     <span class='ocr_line' id='line_1_32' title="bbox 158 1753 1332 1794; baseline 0.002 -12"><span class='ocrx_word' id='word_1_209' title='bbox 158 1762 309 1784; x_wconf 82' lang='lat' dir='ltr'>assumes</span> <span class='ocrx_word' id='word_1_210' title='bbox 332 1753 411 1784; x_wconf 73' lang='lat' dir='ltr'>that</span> <span class='ocrx_word' id='word_1_211' title='bbox 434 1753 493 1784; x_wconf 80' lang='lat' dir='ltr'>the</span> <span class='ocrx_word' id='word_1_212' title='bbox 516 1754 614 1794; x_wconf 76' lang='lat' dir='ltr'>plant,</span> <span class='ocrx_word' id='word_1_213' title='bbox 636 1755 663 1784; x_wconf 92' lang='lat' dir='ltr'>is</span> <span class='ocrx_word' id='word_1_214' title='bbox 686 1754 765 1784; x_wconf 87' lang='lat' dir='ltr'>here</span> <span class='ocrx_word' id='word_1_215' title='bbox 786 1753 950 1790; x_wconf 78' lang='lat' dir='ltr'>albucum,</span> <span class='ocrx_word' id='word_1_216' title='bbox 967 1754 1030 1784; x_wconf 78' lang='lat' dir='ltr'>but</span> <span class='ocrx_word' id='word_1_217' title='bbox 1050 1754 1077 1784; x_wconf 70' lang='lat' dir='ltr'>it</span> <span class='ocrx_word' id='word_1_218' title='bbox 1099 1753 1127 1783; x_wconf 79' lang='lat' dir='ltr'>is</span> <span class='ocrx_word' id='word_1_219' title='bbox 1147 1753 1282 1784; x_wconf 71' lang='lat' dir='ltr'>albncus</span> <span class='ocrx_word' id='word_1_220' title='bbox 1297 1755 1332 1784; x_wconf 88' lang='lat' dir='ltr'>in</span> 
     </span>
     <span class='ocr_line' id='line_1_33' title="bbox 160 1795 1331 1836; baseline 0.001 -10"><span class='ocrx_word' id='word_1_221' title='bbox 160 1796 292 1827; x_wconf 83' lang='lat' dir='ltr'>XXVI.</span> <span class='ocrx_word' id='word_1_222' title='bbox 308 1797 322 1834; x_wconf 68' lang='grc' dir='ltr'>ξ</span> <span class='ocrx_word' id='word_1_223' title='bbox 337 1797 389 1827; x_wconf 87' lang='grc'>21.</span> <span class='ocrx_word' id='word_1_224' title='bbox 436 1797 464 1827; x_wconf 89' lang='grc' dir='ltr'>Α</span> <span class='ocrx_word' id='word_1_225' title='bbox 482 1807 574 1827; x_wconf 88' lang='lat' dir='ltr'>more</span> <span class='ocrx_word' id='word_1_226' title='bbox 588 1797 716 1827; x_wconf 87' lang='lat' dir='ltr'>serious</span> <span class='ocrx_word' id='word_1_227' title='bbox 731 1796 900 1836; x_wconf 80' lang='lat' dir='ltr'>difficulty</span> <span class='ocrx_word' id='word_1_228' title='bbox 916 1797 944 1827; x_wconf 91' lang='lat' dir='ltr'>is</span> <span class='ocrx_word' id='word_1_229' title='bbox 958 1796 1038 1827; x_wconf 74' lang='lat' dir='ltr'>that</span> <span class='ocrx_word' id='word_1_230' title='bbox 1053 1795 1111 1828; x_wconf 75' lang='lat' dir='ltr'>the</span> <span class='ocrx_word' id='word_1_231' title='bbox 1127 1795 1219 1828; x_wconf 86' lang='lat' dir='ltr'>MSS.</span> <span class='ocrx_word' id='word_1_232' title='bbox 1237 1796 1331 1827; x_wconf 86' lang='lat' dir='ltr'>read-</span> 
     </span>
     <span class='ocr_line' id='line_1_34' title="bbox 160 1838 1330 1879; baseline 0.001 -11"><span class='ocrx_word' id='word_1_233' title='bbox 160 1839 216 1878; x_wconf 83' lang='lat' dir='ltr'>ing</span> <span class='ocrx_word' id='word_1_234' title='bbox 242 1838 375 1879; x_wconf 83' lang='lat' dir='ltr'>implies</span> <span class='ocrx_word' id='word_1_235' title='bbox 401 1839 480 1870; x_wconf 75' lang='lat' dir='ltr'>that</span> <span class='ocrx_word' id='word_1_236' title='bbox 506 1839 564 1870; x_wconf 84' lang='lat' dir='ltr'>the</span> <span class='ocrx_word' id='word_1_237' title='bbox 592 1839 693 1870; x_wconf 79' lang='lat' dir='ltr'>Latin</span> <span class='ocrx_word' id='word_1_238' title='bbox 715 1850 816 1870; x_wconf 86' lang='lat' dir='ltr'>name</span> <span class='ocrx_word' id='word_1_239' title='bbox 842 1839 895 1870; x_wconf 84' lang='lat' dir='ltr'>for</span> <span class='ocrx_word' id='word_1_240' title='bbox 916 1839 1103 1870; x_wconf 72' lang='lat' dir='ltr'>anthericus</span> <span class='ocrx_word' id='word_1_241' title='bbox 1124 1840 1152 1870; x_wconf 87' lang='lat' dir='ltr'>is</span> <span class='ocrx_word' id='word_1_242' title='bbox 1177 1839 1330 1875; x_wconf 73' lang='lat' dir='ltr'>albucus;</span> 
     </span>
     <span class='ocr_line' id='line_1_35' title="bbox 162 1880 1331 1921; baseline 0 -9"><span class='ocrx_word' id='word_1_243' title='bbox 162 1881 225 1912; x_wconf 76' lang='lat' dir='ltr'>but</span> <span class='ocrx_word' id='word_1_244' title='bbox 240 1881 299 1912; x_wconf 80' lang='lat' dir='ltr'>the</span> <span class='ocrx_word' id='word_1_245' title='bbox 321 1882 436 1918; x_wconf 76' lang='lat' dir='ltr'>latter,</span> <span class='ocrx_word' id='word_1_246' title='bbox 452 1892 488 1912; x_wconf 87' lang='lat' dir='ltr'>as</span> <span class='ocrx_word' id='word_1_247' title='bbox 504 1892 553 1912; x_wconf 88' lang='lat' dir='ltr'>we</span> <span class='ocrx_word' id='word_1_248' title='bbox 567 1892 633 1918; x_wconf 87' lang='lat' dir='ltr'>see,</span> <span class='ocrx_word' id='word_1_249' title='bbox 657 1882 687 1913; x_wconf 68' lang='lat' dir='ltr'>is</span> <span class='ocrx_word' id='word_1_250' title='bbox 710 1884 772 1912; x_wconf 74' lang='lat' dir='ltr'>not</span> <span class='ocrx_word' id='word_1_251' title='bbox 795 1892 815 1912; x_wconf 86' lang='lat' dir='ltr'>a</span> <span class='ocrx_word' id='word_1_252' title='bbox 838 1885 926 1912; x_wconf 76' lang='lat' dir='ltr'>stem</span> <span class='ocrx_word' id='word_1_253' title='bbox 949 1880 1013 1912; x_wconf 76' lang='lat' dir='ltr'>but</span> <span class='ocrx_word' id='word_1_254' title='bbox 1036 1881 1096 1912; x_wconf 70' lang='lat' dir='ltr'>has</span> <span class='ocrx_word' id='word_1_255' title='bbox 1119 1891 1195 1913; x_wconf 91' lang='lat' dir='ltr'>one.</span> <span class='ocrx_word' id='word_1_256' title='bbox 1241 1881 1331 1921; x_wconf 84' lang='lat' dir='ltr'>Very</span> 
     </span>
     <span class='ocr_line' id='line_1_36' title="bbox 159 1923 1332 1966; baseline 0 -11"><span class='ocrx_word' id='word_1_257' title='bbox 159 1924 358 1964; x_wconf 78' lang='lat' dir='ltr'>doubtfully</span> <span class='ocrx_word' id='word_1_258' title='bbox 373 1924 389 1955; x_wconf 94' lang='lat' dir='ltr'>I</span> <span class='ocrx_word' id='word_1_259' title='bbox 404 1929 542 1966; x_wconf 78' lang='lat' dir='ltr'>suggest</span> <span class='ocrx_word' id='word_1_260' title='bbox 556 1924 635 1955; x_wconf 74' lang='lat' dir='ltr'>that</span> <span class='ocrx_word' id='word_1_261' title='bbox 662 1924 762 1965; x_wconf 86' lang='lat' dir='ltr'>Pliny</span> <span class='ocrx_word' id='word_1_262' title='bbox 784 1923 892 1955; x_wconf 77' lang='lat' dir='ltr'>either</span> <span class='ocrx_word' id='word_1_263' title='bbox 914 1927 1017 1955; x_wconf 74' lang='lat' dir='ltr'>wrote</span> <span class='ocrx_word' id='word_1_264' title='bbox 1039 1923 1242 1955; x_wconf 76' lang='lat' dir='ltr'>anthericum</span> <span class='ocrx_word' id='word_1_265' title='bbox 1264 1923 1332 1954; x_wconf 80' lang='lat' dir='ltr'>and</span> 
     </span>
     <span class='ocr_line' id='line_1_37' title="bbox 160 1965 1331 2007; baseline 0.001 -10"><span class='ocrx_word' id='word_1_266' title='bbox 160 1970 221 1997; x_wconf 77' lang='lat' dir='ltr'>not</span> <span class='ocrx_word' id='word_1_267' title='bbox 235 1967 460 2007; x_wconf 72' lang='lat' dir='ltr'>asphodelum,</span> <span class='ocrx_word' id='word_1_268' title='bbox 473 1976 510 1997; x_wconf 90' lang='lat' dir='ltr'>or</span> <span class='ocrx_word' id='word_1_269' title='bbox 525 1970 629 1997; x_wconf 76' lang='lat' dir='ltr'>wrote</span> <span class='ocrx_word' id='word_1_270' title='bbox 644 1966 702 1998; x_wconf 76' lang='lat' dir='ltr'>the</span> <span class='ocrx_word' id='word_1_271' title='bbox 716 1967 822 1998; x_wconf 78' lang='lat' dir='ltr'>latter</span> <span class='ocrx_word' id='word_1_272' title='bbox 834 1966 880 2007; x_wconf 89' lang='lat' dir='ltr'>by</span> <span class='ocrx_word' id='word_1_273' title='bbox 895 1966 1041 1998; x_wconf 73' lang='lat' dir='ltr'>mistake</span> <span class='ocrx_word' id='word_1_274' title='bbox 1055 1966 1108 1997; x_wconf 87' lang='lat' dir='ltr'>for</span> <span class='ocrx_word' id='word_1_275' title='bbox 1122 1966 1180 1998; x_wconf 77' lang='lat' dir='ltr'>the</span> <span class='ocrx_word' id='word_1_276' title='bbox 1196 1965 1331 1998; x_wconf 88' lang='lat' dir='ltr'>former.</span> 
     </span>
    </p>
   </div>
   <div class='ocr_carea' id='block_1_8' title="bbox 157 2038 226 2070">
    <p class='ocr_par' dir='ltr' id='par_1_10' title="bbox 157 2038 226 2070">
     <span class='ocr_line' id='line_1_38' title="bbox 157 2038 226 2070; baseline 0 -8"><span class='ocrx_word' id='word_1_277' title='bbox 157 2038 226 2070; x_wconf 87' lang='lat'>240</span> 
     </span>
    </p>
   </div>
  </div>
 </body>
</html>
