1469 2299
127 603 177 630 141

128 1114 183 1143 142

128 1755 184 1785 143

417 110 609 147 PLINY:
655 110 915 147 NATURAL
949 109 1181 147 HISTORY

211 216 247 249 in
286 216 376 249 vino
414 215 597 249 contrita.
652 211 849 248 dederunt
890 218 932 248 et
969 225 1058 248 cum
1099 213 1292 249 bitumine
1331 215 1381 248 in-

211 276 367 313 friatam
405 278 553 326 potioni
593 282 755 325 propter
793 275 1026 319 anhelitum,
1065 289 1112 312 ex
1151 276 1232 312 alto
1271 276 1385 326 lapsis

209 342 367 377 seminis
398 346 478 376 tres
508 342 640 376 uncias
671 339 743 376 olei
776 339 871 375 libra
903 342 1061 389 vinique
1090 343 1274 377 sextario.
1331 343 1380 376 in-

209 404 342 441 linitur
378 418 467 441 cum
503 404 589 440 oleo
624 406 744 440 coctis
781 403 881 439 foliis
918 404 1094 453 partibus
1131 417 1228 453 quas
1265 403 1385 451 frigus-

209 468 417 505 adusserit.
473 471 502 504 si
531 470 683 504 urinam
710 473 857 511 movet,
886 474 927 504 ut
956 468 1187 517 Hippocrati
1217 468 1384 504 videtur.

213 535 353 568 mirum
390 539 449 569 est
484 532 675 581 quosdam
709 532 805 568 dare
839 532 945 568 velut
981 531 1227 568 inhibentem
1263 536 1386 581 potui,

211 603 348 633 contra
399 598 726 633 incontinentiam
780 598 927 632 urinae.
984 609 1116 645 psoras
1168 602 1206 632 et
1260 596 1387 644 lepras

211 674 300 696 cum
317 660 434 696 melle
453 666 491 697 et
511 660 682 696 alumine
701 659 811 696 inlita
830 660 1032 703 emendat,
1048 662 1145 696 item
1163 660 1386 710 vitiligines,

212 738 404 766 verrucas,
436 731 606 761 strumas
638 731 678 760 et
710 723 848 760 similia
881 737 969 760 cum
1001 723 1168 774 trychno
1200 730 1240 760 et
1272 724 1388 774 adipe

211 788 323 825 suillo
343 802 387 824 ac
407 791 562 825 taurino
582 789 690 831 sebo,
712 791 843 838 ignem
865 801 1017 824 sacrum
1039 801 1087 824 ex
1108 794 1222 824 aceto
1243 794 1283 825 et
1303 788 1389 825 oleo

213 853 271 888 vel
326 852 539 902 psimithio,
593 852 875 888 carbunculum
929 865 976 888 ex
1032 858 1158 888 aceto.
1215 852 1386 889 nonnulli

213 916 457 965 laserpicium
491 930 567 952 una
599 916 704 952 inlini
739 917 889 960 iubent,
919 919 1003 953 sine
1033 929 1111 966 quo
1141 917 1388 966 epinyctidas

213 981 368 1030 pusulas
404 987 555 1017 curant.
613 983 806 1030 inponunt
843 986 882 1016 et
917 983 1098 1017 mammis
1134 981 1387 1030 turgentibus

211 1045 416 1081 decoctam
440 1051 480 1081 et
504 1047 672 1094 pituitae
696 1045 968 1094 eruptionibus
990 1058 1079 1081 cum
1100 1058 1203 1088 cera,
1225 1047 1387 1081 testium

212 1123 303 1145 vero
348 1108 545 1158 epiphoris
589 1122 678 1145 cum
723 1111 839 1145 ramis
883 1109 1042 1145 laureae
1086 1111 1247 1152 teneris,
1290 1109 1390 1145 adeo

213 1173 396 1222 peculiari
434 1176 472 1209 in
507 1174 718 1209 visceribus
752 1172 810 1209 his
845 1172 988 1209 effectu
1023 1178 1066 1209 ut
1100 1173 1266 1210 silvestri
1301 1179 1389 1210 ruta

211 1251 298 1273 cum
331 1240 502 1287 axungia
535 1240 658 1273 veteri
691 1237 821 1274 inlitos
853 1239 1016 1273 ramices
1047 1239 1173 1273 sanari
1206 1237 1388 1287 prodant.

213 1301 336 1338 fracta
353 1315 511 1351 quoque
527 1302 706 1338 membra
721 1303 872 1338 semine
886 1303 982 1338 trito
997 1315 1087 1337 cum
1101 1314 1191 1338 cera
1206 1303 1387 1351 inposito.

213 1365 321 1401 radix
370 1371 483 1402 rutae
530 1368 763 1415 sanguinem
811 1365 932 1402 oculis
978 1365 1169 1402 suffusum
1216 1371 1257 1402 et
1304 1371 1390 1402 toto

213 1443 374 1479 corpore
404 1433 606 1466 cicatrices
637 1436 705 1466 aut
737 1429 909 1466 maculas
941 1429 1052 1466 inlita
1084 1429 1285 1467 emendat.
1341 1443 1388 1466 ex

216 1494 372 1543 reliquis
401 1507 505 1543 quae
533 1494 747 1530 traduntur
775 1496 917 1530 mirum
947 1499 1021 1537 est,
1049 1507 1140 1530 cum
1168 1493 1390 1531 ferventem

214 1564 325 1594 rutae
363 1564 545 1594 naturam
583 1571 668 1595 esse
704 1560 927 1601 conveniat,
963 1557 1193 1594 fasciculum
1230 1560 1313 1594 eius
1350 1561 1388 1594 in

215 1635 372 1658 rosaceo
403 1622 612 1659 decoctum
645 1622 782 1659 addita
813 1622 919 1659 aloes
952 1624 1065 1658 uncia
1097 1624 1298 1671 perunctis
1329 1635 1386 1659 su-

212 1686 348 1722 dorem
391 1689 619 1736 reprimere,
660 1689 839 1736 itemque
879 1688 1182 1736 generationem
1223 1686 1389 1736 inpediri

212 1749 284 1786 hoc
301 1751 399 1787 cibo.
457 1751 546 1787 ideo
564 1753 602 1787 in
619 1750 810 1800 profluvio
827 1750 991 1801 genitali
1010 1750 1128 1787 datur
1146 1755 1186 1786 et
1205 1763 1391 1787 venerem

215 1815 351 1851 crebro
392 1827 463 1864 per
503 1817 654 1851 somnia
695 1815 1018 1865 imaginantibus.
1073 1813 1391 1864 praecavendum

214 1884 273 1915 est
297 1879 468 1928 gravidis
493 1880 721 1916 abstineant
746 1878 819 1916 hoe
842 1879 944 1923 cibo,
969 1881 1099 1915 necari
1125 1880 1230 1915 enim
1253 1883 1390 1928 partus

498 1980 512 1994 ⁴²
535 1976 596 2007 See
614 1976 628 2012 ξ
644 1977 685 2005 44
703 1986 759 2016 pp.
776 1975 880 2006 28-29
896 1974 965 2006 and
981 1986 1013 2016 p.
1032 1974 1101 2006 viii.

211 2036 256 2071 82
