1469 2299
94 992 111 1002 a

99 1326 115 1354 [Ο

120 1326 136 1354 ¹0

94 973 155 1002 ‘’¹'ti

384 98 578 135 PLINY:
623 97 885 134 NATURAL
918 96 1153 133 HISTORY

181 208 222 238 ut
251 201 412 250 quidam
441 200 593 243 dicunt,
620 201 650 235 si
679 204 872 235 vomatur.
930 199 992 235 De
1020 198 1159 234 iisdem
1189 201 1286 234 mira
1315 204 1355 234 et

180 260 252 296 alia
283 260 509 302 traduntur,
538 258 606 295 sed
635 259 822 300 maxime,
851 259 880 293 si
910 259 996 306 quis
1024 256 1170 293 cotidie
1198 259 1276 293 suci
1308 270 1355 292 ex

180 318 357 368 qualibet
382 331 515 354 earum
540 318 699 353 sorbeat
721 315 911 367 cyathum
933 315 1155 359 dimidium,
1177 316 1357 352 omnibus

179 378 324 414 morbis
345 379 572 413 cariturum.
628 375 759 412 ulcera
779 377 984 411 manantia
1005 377 1043 410 in
1064 376 1195 423 capite
1216 380 1358 410 sanant

181 440 218 473 in
255 439 367 473 urina
403 434 668 485 putrefactae,
705 433 878 470 lichenas
915 439 956 470 et
993 432 1123 469 ulcera
1159 435 1234 469 oris
1270 446 1358 469 cum

180 496 312 539 melle,
352 494 461 531 radix
503 494 667 530 decocta
707 492 878 529 furfures
917 494 1057 541 capitis
1098 497 1139 528 et
1179 491 1358 528 dentium

181 554 459 591 mobilitatem.
516 555 598 589 eius
624 565 727 602 quae
752 565 876 588 unum
900 551 1055 587 caulem
1080 549 1204 587 habet
1229 550 1360 586 radice

181 617 281 649 circa
319 613 484 650 dentem
523 614 588 661 qui
629 611 764 647 doleat
802 615 1001 660 pungunt,
1039 609 1166 646 donec
1204 609 1361 646 desinat

149 672 302 708 ‚dolon
359 671 500 708 eadem
535 676 706 706 strumas
742 675 782 706 et
816 668 1033 718 parotidas,
1067 682 1190 718 panos
1225 667 1361 704 addita

180 731 347 766 hominis
376 730 496 766 saliva
526 734 671 779 purgat
701 731 799 765 citra
829 727 981 764 vulnus.
1036 740 1175 763 semen
1203 729 1242 762 in
1272 729 1362 763 vino

183 793 293 837 nigro
317 795 455 838 potum
481 790 625 837 pituita
650 793 690 824 et
714 789 871 823 nauseis
894 786 1050 822 liberat.
1106 785 1215 822 radix
1240 799 1362 821 mam-

182 862 334 884 marum
357 849 460 883 vitiis
481 848 648 883 occurrit
670 845 885 895 adalligata
907 847 946 880 in
966 844 1055 880 lana
1078 846 1203 895 nigra,
1223 846 1363 880 tussim

185 911 222 943 in
259 907 362 943 lacte
399 912 510 942 cocta
548 911 588 941 et
626 906 850 941 sorbitionis
886 903 1004 940 modo
1040 909 1200 952 sumpta
1236 905 1363 952 quinis

182 967 322 1002 diebus
357 964 559 1001 emendat.
615 962 820 1000 stomacho
854 962 1014 999 inutiles
1047 961 1207 998 Sextius
1243 962 1365 1011 Niger

183 1026 293 1068 dicit,
323 1024 530 1074 Olympias
559 1022 752 1059 Thebana
782 1023 980 1058 abortivas
1012 1035 1098 1058 esse
1128 1035 1217 1057 cum
1248 1021 1364 1070 adipe

185 1085 346 1126 anseris,
379 1082 497 1131 aliqui
530 1083 689 1131 purgari
722 1080 890 1117 feminas
923 1079 1023 1116 foliis
1057 1093 1193 1116 earum
1225 1092 1365 1115 manus

185 1142 327 1192 plenae
364 1154 548 1177 mensura
587 1143 624 1176 in
662 1139 749 1176 oleo
787 1145 828 1175 et
865 1141 954 1175 vino
991 1140 1170 1187 sumptis.
1226 1140 1366 1186 utique

184 1207 339 1238 constat
376 1202 644 1249 parturientes
678 1198 778 1234 foliis
813 1199 1022 1234 substratis
1056 1197 1223 1233 celerius
1257 1196 1364 1233 solvi.

184 1263 362 1310 protinus
399 1273 419 1295 a
455 1264 572 1308 partu
609 1257 904 1299 revocandum‚¹
936 1269 985 1292 ne
1022 1255 1135 1292 vulva
1164 1261 1364 1304 sequatur.

186 1320 283 1356 dant
317 1324 357 1355 et
390 1331 527 1354 sucum
559 1316 777 1353 bibendum
810 1316 1123 1365 parturientibus
1157 1317 1296 1350 ieiunis
1329 1316 1367 1349 in

185 1381 275 1414 vino
308 1377 501 1413 decocta2
540 1376 711 1412 hemina.
768 1378 862 1424 quin
893 1380 932 1410 et
972 1387 1109 1410 semen
1148 1373 1367 1422 adalligant

185 1435 367 1473 bracchio
380 1435 556 1485 genitale
574 1448 652 1471 non
665 1436 967 1471 continentium.
1008 1433 1190 1481 adeoque
1203 1433 1337 1467 veneri
1352 1431 1368 1454 ³

187 1501 415 1538 nascuntur,
436 1501 480 1531 ut
511 1507 648 1530 semen
678 1492 868 1529 unicaulis
893 1491 1125 1541 adspersum
1146 1490 1367 1527 curationi*¹

189 1553 427 1591 feminarum
467 1552 679 1589 aviditates
721 1564 868 1601 augere
909 1550 959 1587 ad
999 1550 1196 1586 infinitum
1236 1549 1367 1585 Xeno-

238 1656 250 1675 1
275 1656 505 1688 revocandum
531 1655 718 1695 Detlessen:
755 1653 947 1685 revocanda
976 1652 1134 1693 Mayhoff
1156 1656 1260 1691 (vetus
1281 1651 1369 1690 ed.):

189 1699 418 1731 revocandam
439 1698 563 1739 aliquot
585 1698 674 1729 codd.

235 1743 248 1761 ²
271 1742 413 1773 decocta
433 1741 517 1781 121th.
535 1753 542 1772 ι
575 1741 737 1771 decoctae
760 1739 922 1779 Dellefsen
942 1743 970 1770 et
991 1737 1155 1778 Mayhoff.

236 1786 248 1804 ³
273 1785 388 1816 veneri
404 1784 569 1824 Dellessen
585 1788 613 1815 et
630 1783 806 1823 Mayhoff:
838 1792 959 1812 venere
975 1781 1065 1812 codd.
1082 1793 1089 1811 ι
1118 1791 1173 1821 390
1190 1780 1369 1817 venere<m

193 1828 406 1866 excitantes>
427 1826 554 1857 malim.

235 1871 248 1889 4
273 1870 441 1901 curationi
470 1869 635 1909 Detlessen
663 1873 692 1899 et
722 1867 897 1907 Maylzoff:
938 1866 1124 1897 curationis
1153 1865 1243 1896 codd.
1274 1863 1372 1895 Aliae

191 1913 276 1944 coni.
323 1918 399 1944 sunt
445 1912 560 1948 cubili,
605 1911 757 1952 genitali,
803 1909 991 1941 cubationi.
1039 1909 1059 1922 ‘⁶
1073 1909 1180 1940 Locus
1223 1907 1372 1939 nondum

191 1956 359 1987 restitutus
375 1954 537 1992 videtur‚’'
554 1954 634 1986 dicit
651 1953 816 1994 Mayhoff.

188 2028 257 2064 130
