1469 2299
407 84 602 122 PLINY:
646 84 908 123 NATURAL
942 85 1176 122 HISTORY

206 192 312 224 esset
348 186 492 224 forisve
529 186 714 231 ferretur,
752 189 837 224 sine
875 186 1015 223 fraude
1053 193 1159 224 esset
1197 190 1378 237 inposita.

205 239 299 276 alias
333 242 373 276 in
406 253 479 277 usu
512 242 734 289 promiscuo
766 253 818 277 ne
850 240 1024 277 ludicrae
1057 240 1217 289 quidem
1253 247 1380 285 erant,

168 298 188 328 8
207 292 311 343 (VI.)
340 296 561 343 ingensque
578 300 619 330 et
635 293 726 330 hinc
745 296 948 330 severitas.
1004 293 1049 330 L.
1067 293 1225 330 Fulvius
1242 307 1377 344 argen-

204 349 328 382 tarius
367 346 472 383 bello
512 345 660 383 Punico
698 346 873 383 secundo
911 360 1001 383 curn
1040 360 1183 383 corona
1224 360 1379 384 rosacea

206 399 377 436 interdiu
408 413 430 436 e
458 400 623 450 pergula
651 413 723 436 sua
752 402 791 436 in
820 399 946 436 forum
976 402 1224 449 prospexisse
1253 401 1380 437 dictus

206 466 255 489 ex
291 455 532 490 auctoritate
566 459 729 490 senatus
763 455 804 489 in
838 466 1037 489 carcerem
1073 453 1268 490 abductus
1303 467 1378 490 non

205 512 299 542 ante
314 506 433 543 finem
447 506 539 543 belli
555 508 718 543 emissus
734 512 806 543 est.
861 505 904 542 P.
922 505 1129 543 Munatius
1142 520 1230 543 cum
1245 507 1379 556 demp-

205 566 288 596 tam
308 559 495 596 Marsuae
510 573 695 596 coronam
712 573 734 596 e
749 559 908 596 floribus
924 562 1042 609 capiti
1060 573 1130 596 suo
1146 563 1380 609 inposuisset

206 619 328 662 atque
350 613 401 649 ob
423 613 463 649 id
485 613 573 649 duci
597 626 686 649 cum
709 616 748 649 in
771 613 926 649 vincula
947 615 1139 649 triumviri
1164 616 1381 655 iussissent,

169 673 187 701 9
208 666 423 715 appellavit
452 672 502 703 tr.
533 666 601 715 pl.‚
630 679 704 703 nec
733 669 993 703 intercessere
1022 666 1089 709 illi,
1119 666 1234 703 aliter
1263 680 1380 715 quam

144 991 181 1021 10

141 1364 177 1394 ll

206 719 389 763 Athenis,
415 720 481 756 ubi
508 719 841 756 commissabundi
868 722 1029 756 iuvenes
1055 726 1150 756 ante
1176 720 1379 756 meridiem

205 779 423 809 conventus
454 775 695 822 sapientium
727 785 886 822 quoque
917 773 1121 809 doctrinae
1153 772 1376 822 frequenta-

205 827 315 862 bant.
371 826 477 875 apud
505 839 574 863 nos
604 826 831 875 exemplum
860 826 1045 862 licentiae
1073 825 1186 862 huius
1217 840 1292 862 non
1322 835 1378 862 est

206 879 312 916 aliud
335 892 454 928 quam
478 879 557 915 filia
579 879 657 916 divi
683 880 869 930 Augusti,
893 882 1001 915 cujus
1026 879 1178 915 luxuria
1204 880 1382 916 noctibus

205 939 437 969 coronatum
468 932 673 969 Marsuam
703 932 863 969 litterae
892 932 991 969 illius
1021 932 1084 969 dei
1105 933 1302 982 gemunt.1

259 985 350 1022 VII.
381 986 539 1022 Florum
571 986 732 1035 quidem
764 985 931 1035 populus
964 985 1162 1022 Romanus
1195 985 1380 1022 honorem

206 1038 376 1088 Scipioni
417 1045 577 1076 tantum
619 1038 771 1076 habuit.
826 1038 989 1088 Serapio
1029 1040 1383 1089 cognominabatur

206 1099 370 1142 propter
397 1092 698 1129 similitudinem
727 1096 843 1130 suarii
874 1092 1078 1129 cuiusdam
1108 1095 1379 1142 negotiatoris.

207 1147 360 1182 obierat
389 1149 429 1182 in
457 1147 696 1182 tribunatu²
725 1146 858 1195 plebei
887 1146 1100 1182 admodum
1131 1151 1268 1196 gratus
1299 1146 1381 1196 dig—

207 1212 360 1249 nusque
378 1199 654 1236 Africanorum
673 1199 836 1243 familia,
854 1212 927 1236 nec
945 1206 1030 1236 erat
1049 1202 1088 1235 in
1106 1199 1217 1236 bonis
1236 1198 1382 1236 funeris

207 1255 383 1302 inpensa.
413 1266 519 1290 asses
536 1266 630 1303 ergo
645 1253 814 1290 contulit
827 1252 996 1302 populus
1011 1265 1056 1289 ae
1071 1252 1188 1289 funus
1203 1252 1383 1296 elocavit‚

207 1319 366 1356 quaque
382 1306 686 1356 praeferebatur
703 1306 817 1343 flores
836 1319 857 1342 e
874 1312 1086 1356 prospectu
1104 1308 1209 1342 omni
1227 1308 1381 1355 sparsit.

257 1359 370 1396 VIII.
400 1360 452 1396 Et
474 1362 553 1396 iam
573 1366 669 1396 tunc
689 1373 857 1396 coronae
878 1359 1041 1396 deorum
1064 1358 1186 1396 honos
1208 1365 1321 1396 erant
1342 1366 1382 1396 et

207 1412 332 1449 larum
368 1413 614 1463 publicorum
648 1416 974 1463 privatorumque
1009 1426 1053 1449 ac
1088 1412 1383 1462 sepulchrorum

257 1477 268 1495 ¹
292 1477 346 1508 dei
371 1483 511 1517 gemunt
538 1487 613 1508 cum
638 1477 727 1509 codd.
756 1476 929 1518 Mayhoff:
969 1477 1034 1508 diei
1060 1481 1201 1517 gemunt
1232 1476 1380 1509 Urlichs:

211 1519 584 1595 degeaefflffigeglissgg:
598 1575 605 1594 ι
638 1563 819 1594 consulatu
837 1563 922 1594 coni.
947 1563 1089 1594 Urlichs.

249 1633 264 1648 ⁶
285 1629 380 1670 They
396 1640 433 1660 as
449 1629 605 1661 revellers
621 1629 733 1660 would
750 1640 837 1661 wear
852 1628 1021 1670 garlands.

252 1671 264 1691 ὓ
286 1673 332 1705 Or
354 1673 494 1714 reading
516 1673 605 1705 diei:
643 1674 663 1686 “
678 1673 717 1704 of
734 1673 814 1704 that,
837 1673 941 1714 day.⁷'
988 1672 1192 1703 Detlefsen's
1214 1673 1383 1713 deqemunl

210 1717 236 1747 is
260 1717 458 1753 attractive,
485 1716 547 1747 but
571 1716 630 1747 the
655 1716 747 1747 word
775 1715 868 1747 lacks
893 1715 1081 1756 authority.
1130 1716 1149 1728 ‘⁵
1164 1715 1253 1746 That
1280 1715 1347 1756 god
1363 1715 1382 1728 ’'

207 1758 275 1790 will
295 1758 336 1789 be
358 1759 545 1800 Augustus,

250 1805 261 1819 ²
283 1801 416 1832 Urlichs
437 1800 549 1832 would
573 1800 651 1831 read
673 1801 841 1832 consulatu
866 1800 1007 1832 because
1028 1800 1087 1831 the
1108 1800 1236 1841 Scipios
1257 1810 1342 1831 were
1362 1811 1381 1830 a

207 1845 375 1884 patrician
396 1843 526 1885 family,
547 1844 615 1875 and
638 1854 675 1875 so
698 1848 760 1874 not
779 1843 909 1884 eligible
926 1843 979 1874 for
997 1843 1056 1874 the
1074 1843 1258 1874 tribunate.
1307 1843 1381 1874 Per-

206 1887 292 1928 haps
315 1897 336 1918 a
360 1887 479 1924 scribe,
505 1888 692 1927 mistaking
718 1887 821 1928 plebei
852 1897 889 1917 as
915 1887 1065 1927 genitive
1092 1887 1131 1918 of
1157 1887 1272 1926 plebes,
1300 1887 1377 1917 mis-

208 1930 379 1961 corrected
394 1928 565 1962 consulatu
582 1933 619 1961 to
635 1930 815 1967 tribunatu,
832 1940 869 1960 or
885 1929 952 1960 this
967 1930 1079 1970 Scipio
1096 1939 1176 1970 may
1193 1929 1280 1960 have
1298 1929 1380 1960 been

206 1973 358 2005 tribunus
372 1973 528 2005 militum.

210 2018 277 2054 166
