1469 2299
389 114 583 151 PLINY:
627 113 888 151 NATURAL
922 113 1154 150 HISTORY

188 231 266 254 non
303 216 534 254 dissimilem
571 215 748 265 vulpium
785 214 935 258 caudis,
973 215 1079 251 unde
1118 220 1160 251 et
1197 228 1354 251 nomen.

188 289 381 326 proxuma
411 278 445 312 ei
478 280 540 312 est
570 280 612 311 et
641 273 906 323 stelephuros,
937 276 1008 309 nisi
1040 273 1147 323 quod
1176 273 1242 309 illa
1272 287 1358 322 par-

189 335 386 372 ticulatim
419 334 546 370 floret.
601 332 798 369 cichorion
832 338 874 369 et
905 332 1046 369 similia
1079 334 1180 368 circa
1212 338 1360 369 terram

188 393 281 430 solia
302 393 453 429 habent
473 393 766 442 germinantia1
791 392 840 427 ab
861 391 993 428 radice
1014 396 1104 440 post
1125 391 1320 440 vergilias.

106 454 162 484 102
243 447 371 483 LXII.
402 445 625 482 Perdicium
657 451 699 481 et
729 445 829 481 aliae
860 450 1002 494 gentes
1033 458 1154 494 quam
1184 445 1361 494 Aegypti

192 506 329 542 edunt.
385 518 530 542 nomen
553 504 667 541 dedit
689 506 770 540 avis
793 503 831 539 id
855 505 1028 539 maxime
1052 515 1206 539 eruens.
1262 517 1364 539 cras-

191 579 253 601 sas
291 564 560 614 plurimasque
598 562 722 599 habet
760 562 923 598 radices.
979 564 1077 598 item
1114 561 1365 612 ornithogala

191 624 303 660 caule
330 629 484 666 tenero,
511 621 694 664 candido,
720 621 968 670 semipedali,
995 620 1115 664 molli,
1142 621 1268 657 tribus
1295 626 1365 657 aut

191 688 383 732 quattuor
399 684 569 731 agnatis,
587 681 718 717 radice
734 680 900 716 bulbosa
916 680 953 723 2;
983 682 1167 729 coquitur
1183 682 1223 715 in
1238 679 1363 729 pulte.

108 742 164 772 103
245 736 395 772 LXIII.
428 735 577 771 Mirum
601 734 709 771 loton
732 733 898 770 herbam
921 739 963 770 et
986 733 1169 783 aegilopa
1190 746 1268 770 non
1292 735 1362 769 nisi

193 800 281 844 post
301 808 448 830 annum
469 807 489 830 e
509 796 660 830 semine
680 806 750 829 suo
769 794 888 829 nasci.
944 794 1043 828 mira
1062 797 1104 828 et
1123 791 1364 828 anthemidis

191 859 348 895 natura,
376 853 482 902 quod
509 866 531 888 a
558 865 712 888 summo
740 851 880 887 florere
907 853 1059 900 incipit,
1086 864 1176 887 cum
1203 856 1364 887 ceterae

192 925 343 955 omnes,
370 925 473 961 quae
501 911 771 961 particulatim
796 909 954 954 florent,
981 911 1031 946 ab
1057 912 1135 946 ima
1161 912 1221 946 sui
1249 915 1364 959 parte

194 974 396 1020 incipiant.

107 1037 165 1066 104
244 1030 385 1066 LXIV.
417 1029 604 1066 Notabile
644 1034 686 1065 et
722 1030 763 1064 in
801 1028 920 1078 lappa
958 1040 1063 1077 quae
1101 1026 1366 1071 adhaerescit,

196 1089 301 1138 quod
319 1091 357 1125 in
374 1091 459 1138 ipsa
476 1088 545 1125 flos
563 1091 738 1125 nascitur
755 1101 832 1124 non
851 1087 1012 1124 evidens
1029 1086 1100 1123 sed
1116 1089 1223 1123 intus
1240 1087 1366 1123 occul-

194 1154 273 1190 tus,
308 1154 349 1184 et
383 1151 487 1184 intra
521 1147 722 1184 seminat3
756 1146 866 1183 velut
899 1146 1085 1182 animalia
1118 1158 1222 1195 quae
1253 1148 1292 1182 in
1326 1159 1367 1182 se

196 1204 369 1251 pariunt.
424 1204 527 1238 circa
562 1201 769 1250 Opuntem
806 1206 867 1236 est
901 1199 1026 1236 herba
1062 1201 1185 1236 etiam
1219 1198 1367 1236 homini

197 1260 334 1303 dulcis,
366 1263 590 1309 mirumque
624 1273 645 1296 e
677 1259 770 1296 folio
802 1261 885 1295 eius
917 1258 1091 1295 radicem
1124 1258 1206 1294 fieri
1239 1271 1284 1295 ac
1314 1260 1368 1294 sic

195 1332 283 1356 eam
311 1322 430 1356 nasci.

110 1384 167 1414 105
246 1378 365 1415 LXV.
390 1378 519 1415 Iasine
536 1392 657 1414 unum
670 1377 806 1414 folium
820 1376 1109 1420 habet,sedita
1122 1376 1368 1426 implicatum

199 1443 242 1473 ut
270 1437 383 1487 plura
411 1437 634 1474 videantur.
689 1435 921 1487 chondrylla
949 1449 1083 1472 amara
1112 1441 1174 1472 est
1202 1441 1244 1472 et
1271 1437 1369 1472 acris

242 1548 253 1567 ¹
265 1549 503 1597 'germinantia
514 1547 820 1588 Ianzts‚Dellessen:
837 1548 1031 1588 germinant
1042 1547 1208 1587 Jlawyhoff:
1225 1547 1368 1587 germin-

199 1592 592 1672 angstrialdiccgddhulbosa]
634 1638 705 1673 post
745 1632 942 1673 semipedali
985 1632 1094 1663 codd:
1150 1637 1252 1663 trans.
1297 1642 1370 1662 cum

204 1677 335 1707 Urlichs
354 1676 423 1708 coll.
447 1676 635 1707 Di0.<corirle
658 1675 820 1716 Mayhoff.

243 1720 255 1738 ³
279 1721 369 1750 intra
385 1720 532 1750 seminat
544 1719 706 1759 Dellefsen
722 1731 728 1749 ε
752 1719 842 1749 intra
851 1728 886 1749 se
895 1718 1065 1759 germinat
1074 1717 1157 1758 vuly.
1167 1722 1196 1749 el
1206 1717 1369 1758 Mayhoff.

239 1842 254 1857 ‘¹
278 1837 488 1878 Alopecurus
507 1852 539 1863 z
558 1836 707 1867 fox-tail.
893 1835 905 1855 θ
926 1836 987 1868 See
1009 1846 1041 1876 p.
1059 1836 1142 1867 xxii.

242 1886 253 1900 ⁰
276 1881 374 1920 Pliny
400 1881 460 1910 has
484 1880 698 1920 compressed
721 1878 978 1919 Theophrastus
1001 1879 1094 1916 (VII.
1122 1880 1172 1914 14,
1196 1879 1229 1915 3)
1252 1882 1290 1909 to
1312 1878 1370 1909 the

196 1925 293 1965 point
312 1923 350 1953 of
366 1923 553 1963 obscurity.
601 1922 672 1953 The
691 1922 794 1953 latter
817 1932 918 1961 says:
949 1921 1057 1960 ὥσπερ
1081 1920 1132 1952 ἐπὶ
1155 1924 1220 1952 τῶν
1244 1919 1370 1960 γαλεῶν

195 1966 246 1997 καὶ
271 1965 381 2004 ῥινῶν·
408 1964 515 1996 ἐκεῖνα
538 1977 572 1995 τε
595 1964 656 2004 γὰρ
676 1963 710 1995 ἐν
731 1963 856 1998 ἑαυτοῖς
875 1963 1107 2003 ὠοτοκήσαντα
1129 1964 1295 2003 ζωογονεῖ,
1316 1963 1370 1995 καὶ

197 2035 265 2082 236
