1469 2299
90 707 149 737 183

93 1199 150 1229 184

93 1690 151 1721 185

381 107 574 145 PLINY:
619 107 880 145 NATURAL
914 107 1148 145 HISTORY

175 210 279 247 tollit
313 223 471 259 semper
504 210 619 246 facile
653 216 695 246 et
727 211 953 246 cicatricum
989 209 1130 246 ulcera.
1187 210 1350 247 tradunt

175 274 214 307 in
242 272 376 308 dolore
403 272 585 308 dentium
613 271 872 321 adalligatum
900 270 1082 307 bracchio
1110 284 1188 321 qua
1216 271 1349 308 doleat

175 339 405 370 convertere
432 333 620 369 dolorem.

227 395 371 431 LXXI.
401 394 470 431 Git
495 407 543 430 ex
569 394 730 431 Graecis
755 393 818 430 alii
842 393 1118 437 melanthium,
1143 394 1206 430 alii
1230 394 1348 430 mela-

176 469 360 505 spermon
376 462 530 492 vocant.
586 458 780 505 optimum
797 468 916 504 quam
934 457 1205 491 excitatissimi
1223 456 1350 492 odori<

177 523 217 553 et
252 531 370 567 quam
406 520 673 567 nigerrimum.
728 517 914 553 medetur
947 519 1191 566 serpentium
1225 517 1350 566 plagis

178 585 219 615 et
257 582 517 628 scorpionum.
573 578 680 614 inlini
720 591 769 615 ex
808 584 923 614 aceto
961 591 1005 614 ac
1042 578 1160 614 melle
1200 581 1352 627 reperio

177 643 417 689 incensoque
447 646 654 689 serpentes
684 639 824 689 fugari.
879 640 1028 676 bibitur
1057 639 1244 676 drachma
1274 653 1352 676 una

178 708 219 737 et
253 708 390 738 contra
425 715 602 738 araneos.
657 701 967 738 destillationem
1003 703 1154 737 narium
1190 701 1351 738 discutit

177 769 310 799 tusum
338 765 377 799 in
404 763 566 800 linteolo
593 762 822 806 olefactum,
849 765 988 812 capitis
1016 762 1169 799 dolores
1196 762 1351 799 inlitum

179 837 226 860 ex
262 831 390 868 aceto,
425 831 465 861 et
500 824 672 861 infusum
707 825 865 861 naribus
899 838 987 860 cum
1022 827 1120 860 irino
1153 824 1352 861 oculorum

179 885 386 935 epiphoras
414 892 455 923 et
480 893 670 929 tumores,
696 886 877 922 dentium
903 886 1056 922 dolores
1082 892 1238 922 coctum
1263 899 1352 922 cum

178 954 306 991 acet0‚
330 947 462 984 ulcera
487 950 562 984 oris
586 950 725 984 tritum
750 954 820 984 aut
844 947 1231 991 commanducatum,
1255 950 1353 984 item

177 1008 306 1057 lepras
339 1015 380 1046 et
411 1009 624 1059 lentigines
657 1022 705 1045 ex
737 1015 866 1053 aceto,
897 1009 1148 1046 difficultates
1181 1009 1353 1059 spirandi

178 1070 316 1107 addito
342 1073 446 1107 nitro
472 1077 626 1121 potum,
653 1071 818 1107 duritias
845 1077 1102 1120 tumoresque
1129 1077 1285 1107 veteres
1312 1077 1353 1107 et

179 1135 482 1181 suppurationes
518 1133 687 1169 inlitum.
742 1132 846 1169 lacte
881 1132 1091 1168 mulierum
1127 1138 1249 1182 auget
1285 1132 1352 1168 ali-

177 1200 274 1242 quot
292 1194 305 1217 1
340 1196 535 1231 continuis
565 1194 704 1231 diebus
737 1200 952 1244 sumptum.
1008 1193 1205 1244 colligitur
1234 1207 1349 1231 sucus

179 1257 260 1291 eius
282 1261 326 1292 ut
347 1254 590 1306 hyoscyami,
612 1255 872 1305 similiterque
893 1256 1037 1306 largior
1057 1268 1256 1292 venenum
1278 1262 1352 1299 est,

178 1316 283 1365 quod
312 1319 513 1361 miremur,
541 1331 631 1354 cum
660 1330 796 1354 semen
825 1319 1049 1368 gratissime
1078 1331 1200 1366 panes
1231 1320 1353 1354 etiam

178 1378 349 1415 condiat.
404 1379 535 1416 oculos
565 1392 723 1428 quoque
752 1385 913 1429 purgat,
942 1381 1096 1416 urinam
1127 1385 1167 1416 et
1197 1392 1352 1416 menses

178 1442 268 1476 ciet.
323 1443 418 1489 quin
454 1443 574 1477 immo
609 1440 772 1477 linteolo
807 1441 992 1491 deligatis
1027 1446 1185 1477 tantum
1222 1443 1352 1490 granis

179 1513 252 1537 xxx
296 1502 489 1539 secundas
528 1501 632 1539 trahi
680 1505 847 1552 reperio.
902 1504 1014 1539 aiunt
1062 1508 1103 1539 et
1151 1502 1269 1538 clavis
1315 1504 1353 1538 in

178 1563 346 1612 pedibus
392 1564 543 1601 mederi
589 1566 729 1601 tritum
775 1566 816 1600 in
861 1566 987 1608 urina,
1033 1563 1175 1600 culices
1222 1563 1352 1600 suffitu

179 1636 334 1669 necare,
364 1627 462 1662 item
492 1639 657 1662 muscas.

229 1685 396 1723 LXXII.
426 1687 479 1724 Et
511 1700 675 1724 anesum
707 1687 894 1724 adversus
926 1689 1149 1736 scorpiones
1183 1700 1231 1723 ex
1263 1689 1354 1723 vino

178 1747 358 1792 bibitur,2
400 1747 654 1799 Pythagorae
698 1751 803 1785 inter
848 1761 976 1798 pauca
1018 1748 1226 1786 laudatum
1271 1750 1353 1785 sive

437 1842 448 1861 ¹
472 1843 605 1883 aliquot
624 1843 699 1874 add.
722 1843 886 1883 JIayhoff.

433 1885 446 1904 ²
469 1885 598 1916 bibitur
613 1896 687 1925 eqo:
713 1885 859 1916 habetur
875 1885 963 1917 codd.
982 1889 1011 1916 et
1026 1885 1095 1917 edd.

291 1975 305 1990 ⁰
328 1972 388 2002 Le.
408 1972 428 1984 “
443 1972 708 2003 black-flower.‘’
849 1971 862 1991 ὓ
884 1973 944 2004 Le.
963 1972 982 1984 “
999 1972 1229 2003 black-seed.‘’

181 2032 248 2068 106
