1469 2299
371 113 566 151 PLINY:
611 113 872 150 NATURAL
905 112 1140 151 HISTORY

166 216 409 266 transalpina
446 216 574 253 Gallia
619 215 750 252 herbis
787 215 906 266 Tyria
949 213 1099 266 atque1
1138 214 1343 266 conchylia

166 273 316 320 tinguit
343 276 384 307 et
409 283 545 306 omnes
572 270 666 306 alios
692 269 852 306 colores.
909 282 981 306 nec
1008 272 1165 319 quaerit
1190 272 1229 305 in
1255 283 1343 318 pro-

166 323 297 360 fundis
311 326 494 366 murices,
509 336 632 372 seque
647 322 855 360 obiciendo
870 335 1015 366 escam,
1030 323 1125 359 dum
1138 325 1342 372 praeripit,

166 377 292 414 beluis
345 379 520 421 marinis,
571 379 724 413 intacta
769 378 892 412 etiam
940 379 1091 413 ancoris
1142 381 1344 413 scrutatur

167 430 281 474 vada,
302 436 347 467 ut
368 432 544 467 inveniat
565 443 636 479 per
657 429 764 479 quod
785 429 937 466 facilius
958 435 1141 466 matrona
1162 429 1344 466 adultero

132 484 339 533 4placeat,
376 489 582 533 corruptor
617 483 826 520 insidietur
862 489 1026 532 nuptae.
1081 488 1190 520 stans
1227 488 1270 520 et
1306 485 1344 519 in

166 540 268 574 sicco
301 540 430 587 carpit
463 550 542 586 quo
577 537 734 587 frugem
768 536 899 579 modo,
934 536 1005 573 sed
1039 536 1204 586 culpant
1238 536 1342 573 ablui

167 604 254 635 usu,
279 591 424 640 alioqui
449 590 668 640 fulgentius
692 592 832 627 instrui
859 595 1019 639 poterat
1043 590 1212 633 luxuria,
1236 596 1345 626 certe

170 647 432 681 innocentius.
487 657 566 680 non
607 650 669 680 est
708 656 813 680 nunc
853 646 1099 693 propositum
1140 646 1216 680 ista
1255 656 1346 680 con·

169 701 326 741 sectari,
340 710 412 734 nec
426 700 658 734 omittemus
674 698 689 721 2
703 703 747 734 ut
761 697 990 734 subiciendo
1004 697 1138 734 viliora
1150 697 1346 733 luxuriam

168 751 344 788 utilitate
359 752 375 775 3
412 752 778 787 circumscribamus
817 751 959 787 dicturi
1001 756 1042 787 et
1081 750 1176 787 alias
1214 750 1346 787 herbis

167 807 295 855 tingui
334 807 507 854 parietes
546 817 619 840 nec
656 804 788 853 lapide
827 805 966 854 pingi.⁴
1021 816 1093 840 nec
1136 804 1344 854 tinguendi

169 864 307 895 tamen
330 860 525 895 rationem
549 860 827 894 omisissemus.
852 860 881 894 si
906 871 1096 907 umquam
1121 870 1168 894 ea
1193 857 1345 894 liberal-

132 920 151 948 5
169 914 251 948 ium
275 914 420 948 artium
444 911 596 948 fuisset.
652 914 811 948 interim
835 910 974 947 fortius
998 916 1154 961 agetur,
1179 913 1345 948 auctori-

167 971 311 1014 tasque
331 971 483 1015 quanta
503 965 627 1001 debet
647 967 769 1001 etiam
788 965 915 1002 surdis
934 963 1007 1001 hoc
1028 970 1087 1001 est
1107 965 1346 1014 ignobilibus

168 1018 300 1055 herbis
331 1018 619 1068 perhibebitur,
649 1018 845 1068 siquidem
875 1024 1056 1054 auctores
1086 1020 1240 1068 imperii
1271 1018 1346 1054 Ro-

171 1075 276 1108 mani
320 1072 625 1122 conditoresque
664 1074 900 1108 immensum
945 1071 1134 1121 quiddam
1174 1077 1216 1108 et
1257 1071 1347 1108 hinc

167 1139 386 1175 sumpsere,
409 1129 596 1175 quoniam
618 1139 695 1162 non
717 1125 876 1162 aliunde
898 1128 1077 1175 sagmina
1098 1128 1139 1161 in
1159 1125 1346 1162 remediis

172 1179 337 1229 publicis
361 1179 474 1216 fuere
498 1185 540 1216 et
562 1182 601 1215 in
624 1181 742 1216 sacris
765 1179 1112 1229 legationibusque
1135 1179 1345 1216 verbenae.

217 1264 228 1282 ¹
251 1264 369 1305 atque]
400 1274 507 1304 aeque
524 1266 607 1296 coni.
634 1264 865 1304 Warminqton.

218 1305 231 1324 ²
254 1317 315 1337 nec
341 1307 542 1338 omittemus
566 1317 640 1337 cnm
664 1306 754 1338 codd.
781 1305 967 1347 Detlejsen:
1006 1316 1067 1337 nee
1092 1306 1349 1338 committemus

176 1349 374 1423 Mglygitigra
395 1417 402 1423 .
426 1416 433 1423 .
457 1417 464 1423 .
485 1392 638 1423 utilitate
661 1391 817 1432 Mayhoff
827 1403 834 1423 :
869 1391 1007 1423 utiliora
1028 1416 1035 1423 .
1058 1415 1066 1423 .
1088 1416 1096 1423 .
1118 1391 1253 1423 vilitate
1272 1392 1347 1423 Det-

174 1434 401 1518 lefiegrdrietes
434 1488 495 1508 nec
530 1477 621 1518 pingi
657 1476 768 1518 lapide
804 1476 977 1517 Maylwsf:
1027 1476 1166 1518 lapides,
1201 1478 1348 1518 parietes

174 1520 267 1561 pingi
286 1520 461 1560 Detlefsen.

213 1612 227 1626 ⁰
250 1608 291 1640 In
315 1609 435 1649 reality
460 1608 518 1639 the
541 1618 669 1639 coccum
690 1618 760 1639 was
783 1608 841 1639 the
864 1607 995 1639 kermes
1018 1608 1135 1646 insect‚
1152 1608 1222 1639 and
1245 1611 1305 1639 not
1327 1618 1348 1639 a

165 1651 436 1693 plant-product.

211 1693 223 1713 ⁶
248 1696 294 1726 As
310 1695 329 1708 “
341 1695 468 1736 Tyrian
482 1695 602 1736 purple
618 1694 637 1706 ''
653 1694 722 1725 and
738 1694 757 1706 “
769 1698 885 1735 oyster
905 1694 1023 1735 purple
1039 1694 1059 1706 '⁹
1075 1704 1131 1725 are
1147 1694 1346 1735 practieally

169 1738 228 1769 the
265 1748 357 1770 same
394 1738 518 1778 things,
554 1738 791 1778 Warmington
829 1737 880 1768 for
917 1742 1009 1777 atque
1048 1741 1200 1777 suggests
1237 1748 1345 1777 aeque,

171 1781 328 1855 “'fyrian
364 1780 613 1823 oyster-purple
649 1781 720 1821 just
756 1790 793 1811 as
830 1779 900 1811 wel]
938 1790 975 1812 as
1012 1781 1039 1811 it
1076 1790 1138 1811 can
1174 1779 1219 1811 all
1251 1780 1350 1812 other

168 1834 208 1856 eo
222 1834 298 1855 ours
313 1824 334 1837 ’²

211 1865 450 1897 ‘Detlefsen‘s
475 1865 631 1906 readings
658 1865 769 1896 would
793 1866 892 1906 give:
945 1865 1004 1896 ‘so
1029 1865 1108 1896 that
1134 1865 1151 1896 I
1178 1875 1270 1906 may,
1302 1865 1348 1905 by

168 1910 365 1958 suggesting
384 1919 476 1940 more
494 1908 605 1940 useful
624 1907 808 1944 materials,
828 1907 910 1939 curb
929 1907 1053 1948 luxury
1074 1907 1119 1948 by
1138 1907 1348 1949 cheapening

169 1953 208 1988 it,
232 1962 268 1982 as
291 1951 471 1983 elsewhere
493 1951 511 1982 Ι
537 1951 623 1982 shall
645 1950 705 1982 tell
735 1951 811 1982 how
833 1954 948 1981 stones
971 1961 1028 1981 are
1050 1950 1089 1991 (1)
1088 1950 1139 1981 ed
1163 1950 1231 1981 and
1258 1950 1348 1981 walls

168 1994 346 2036 paintedss’
391 1994 485 2026 With
506 1994 670 2035 Mayhoff’
674 2004 689 2024 s
708 2004 758 2025 we
777 1998 869 2025 must
891 1993 1078 2024 translate:
1106 1993 1207 2024 “and
1224 1993 1241 2024 I
1261 1993 1348 2024 shall

170 2040 239 2086 296
