1469 2299
156 238 195 267 0'6

157 879 197 907 58

155 1253 195 1281 59

426 128 619 166 PLINY:
665 128 926 166 NATURAL
959 128 1193 166 HISTORY

273 230 464 266 XXVIII.
494 230 567 267 Est
596 236 637 266 et
665 230 877 266 lotometra
905 243 1008 279 quae
1038 229 1081 266 fit
1110 242 1158 265 ex
1186 229 1267 266 loto
1295 235 1397 275 sata,

223 297 270 319 ex
297 286 405 320 cuius
430 286 581 320 semine
605 284 718 320 simili
744 283 851 319 milio
868 284 881 306 ¹
912 286 1017 333 putri
1034 284 1049 306 2
1080 283 1179 320 fiunt
1209 296 1331 332 panes
1355 286 1395 320 in

223 338 412 387 Aegypto
459 351 482 373 a
528 338 765 386 pastoribus,
812 339 985 373 maxime
1033 350 1137 385 aqua
1183 337 1243 373 vel
1291 337 1394 373 lacte

222 391 387 426 subacti.
405 392 420 414 3
474 396 645 440 negatur
692 393 904 440 quicquam
951 390 1015 426 illo
1058 403 1160 439 pane
1203 390 1395 427 salubrius

222 457 307 480 esse
337 450 405 480 aut
434 444 571 487 levius,
599 444 694 480 dum
724 443 865 479 caleat.
920 443 1177 493 refrigeratus
1205 444 1395 480 difficilius

222 500 481 546 concoquitur
507 498 631 546 fitque
656 497 912 546 ponderosus.
967 502 1123 533 constat
1149 510 1214 533 eos
1240 499 1306 546 qui
1332 497 1396 533 illo

225 554 356 587 vivant
377 565 448 587 nec
468 551 685 600 dysinteria
707 564 778 586 nec
797 556 979 587 tenesmo
998 563 1128 599 neque
1148 550 1231 586 aliis
1250 551 1395 587 morbis

223 607 370 640 ventris
384 605 574 641 infestari.
630 607 766 653 itaque
779 606 884 640 inter
894 604 1070 640 remedia
1084 617 1219 640 eorum
1232 603 1394 640 habent.

274 658 421 694 XXIX.
453 658 674 706 Heliotropi
694 657 925 693 miraculum
944 660 1100 706 saepius
1119 657 1288 693 diximus
1307 670 1396 693 cum

222 711 302 747 sole
324 724 365 747 se
385 713 689 761 circumagentis
711 713 832 748 etiam
852 711 986 747 nubilo
1006 711 1084 751 die,
1104 716 1240 746 tantus
1259 711 1396 747 sideris

223 778 332 801 arnor
350 771 422 801 est.
479 771 596 801 noctu
617 764 725 801 velut
742 764 938 801 desiderio
955 763 1153 800 contrahit
1170 764 1396 800 caeruleum

223 817 372 854 florem.
427 831 575 867 genera
592 821 674 854 eius
689 818 788 854 duo:
818 820 1030 854 tricoccum
1046 823 1086 854 et
1100 817 1394 867 helioscopium.

224 870 296 908 hoc
325 871 455 914 altius,
485 885 727 921 quamquam
756 877 970 920 utrumque
998 871 1281 920 semipedalem
1311 871 1397 907 alti-

222 925 402 961 tudinem
416 939 493 961 non
508 925 680 968 excedit,
692 925 742 961 ab
756 938 834 961 una
847 925 863 948 4
875 925 1005 961 radice
1019 938 1228 961 ramosum.
1261 937 1395 961 semen

222 981 260 1014 in
290 978 461 1015 folliculo
490 979 683 1015 messibus
712 978 919 1027 colligitur.
975 980 1149 1014 nascitur
1176 980 1328 1014 nonnisi
1357 980 1396 1014 in

223 1034 358 1082 pingui
384 1033 465 1068 solo
490 1032 677 1082 cultoque
702 1034 889 1075 maxime,
913 1034 1126 1068 tricoccum
1151 1032 1310 1081 ubique.
1365 1034 1396 1068 si

221 1086 481 1135 decoquatur,
498 1089 654 1122 invenio
671 1086 766 1122 cibis
784 1086 939 1134 placere
957 1090 998 1121 et
1014 1087 1054 1121 in
1069 1085 1172 1121 lacte
1188 1085 1396 1122 iucundius

222 1139 352 1175 alvum
368 1140 507 1176 molliri
526 1146 580 1182 et,
596 1142 625 1175 si
643 1139 795 1175 decocti
812 1153 926 1175 sucus
942 1139 1116 1182 bibatur,
1131 1139 1396 1175 efficacissime

221 1195 426 1229 exinaniri.
483 1195 638 1230 maioris
688 1206 803 1229 sucus
853 1195 1049 1242 excipitur
1097 1197 1252 1228 aestate
1301 1191 1397 1228 hora

219 1252 348 1289 sexta,
401 1249 590 1283 miscetur
641 1259 731 1283 cum
784 1248 886 1289 vino,
938 1248 992 1283 sic
1045 1245 1201 1282 firmior.
1256 1248 1396 1295 capitis

271 1366 280 1384 ¹
307 1365 408 1396 simili
433 1365 525 1396 milio
550 1366 740 1396 Barbarus:
778 1365 879 1396 simili
904 1364 975 1396 mili
999 1364 1119 1405 Silliq:
1156 1364 1318 1396 simillimi
1341 1367 1398 1395 aut

225 1408 398 1439 simillimo
416 1413 473 1439 ant
491 1408 661 1439 simillime
678 1409 768 1439 codd.

271 1452 283 1470 ²
307 1453 398 1492 putri
443 1451 627 1491 Dellefsen:
676 1452 764 1492 porri
807 1451 920 1481 codd.:
968 1451 1043 1491 puri
1085 1449 1133 1481 vel
1173 1450 1270 1491 parvi
1311 1451 1396 1482 coni.

233 1494 357 1524 Mamm
389 1519 395 1525 .

270 1495 441 1567 &suffen
464 1537 639 1577 Mayhoff:
676 1536 820 1567 subacto
844 1540 901 1566 aul
923 1536 1080 1566 subactio
1103 1535 1216 1567 codd.:
1253 1535 1398 1567 subacto

230 1579 388 1620 Dades-<en
407 1592 413 1610 :
447 1579 591 1610 subacto
611 1584 645 1610 et
664 1579 749 1610 coni.
774 1578 934 1619 JIaJJhcfff.

269 1623 281 1641 ⁴
305 1633 373 1653 una
389 1621 477 1653 codd.
494 1634 500 1652 :
529 1623 597 1653 ima
613 1632 687 1652 cum
705 1621 785 1661 ναῖς.
804 1621 965 1662 Mayhoff.

263 1746 277 1760 ⁰
300 1741 381 1772 This
413 1741 504 1772 word
537 1742 564 1772 is
596 1739 682 1778 ἅπαξ
710 1739 897 1780 λεγόμενον,
929 1739 997 1771 and
1028 1739 1088 1771 the
1118 1739 1226 1771 whole
1256 1750 1397 1781 passage

221 1785 320 1815 down
344 1789 382 1815 to
406 1784 532 1815 subacti
555 1784 713 1824 (subacto)
738 1785 765 1814 is
789 1783 851 1814 full
875 1783 913 1813 of
933 1782 1136 1813 difficulties.
1183 1782 1288 1813 What
1312 1783 1338 1814 is
1357 1784 1397 1823 fit

219 1839 258 1859 er
278 1827 340 1858 loto
359 1832 429 1858 sala
445 1830 456 1858 ’ἓ
504 1827 538 1857 Is
559 1831 629 1857 sata
646 1837 737 1857 nom.
755 1837 792 1856 or
813 1825 880 1856 abl.
895 1829 907 1857 ⁴?
954 1825 1079 1856 Would
1095 1825 1186 1865 putri
1200 1836 1298 1866 agree
1314 1825 1396 1856 with

220 1870 314 1901 milio
334 1881 370 1900 as
391 1870 450 1900 the
471 1870 569 1900 order
589 1869 628 1900 of
644 1869 754 1899 words
775 1872 940 1909 suggests,
961 1879 999 1898 or
1019 1868 1101 1899 with
1122 1868 1244 1899 semine
1264 1878 1300 1899 as
1320 1879 1396 1909 sug-

220 1913 335 1953 gested
355 1913 398 1953 by
418 1912 519 1943 XIII.
536 1913 549 1951 ξ
568 1913 653 1943 108?
700 1912 822 1952 Again,
838 1913 865 1942 is
880 1911 949 1942 this
966 1911 1069 1941 bread
1084 1911 1143 1941 the
1158 1921 1252 1941 same
1267 1921 1303 1941 as
1318 1911 1396 1942 that

219 1956 395 1987 described
419 1956 451 1986 in
478 1955 580 1986 XIII.
604 1956 707 1994 §108‚
731 1954 928 1985 Herodotus
952 1954 998 1984 II.
1023 1955 1075 1990 92,
1100 1953 1314 1984 Dioscorides
1335 1954 1394 1985 IV.

223 2000 295 2033 113.
317 1998 574 2039 Theophrastus
596 1997 656 2029 IV.
681 1999 710 2034 8,
736 1998 772 2028 11
787 2000 801 2029 ἲ
847 1996 956 2033 Patri,
972 2007 1016 2027 an
1037 1997 1256 2028 emendation
1272 1996 1311 2027 of
1327 1997 1395 2028 Jan

220 2071 289 2105 332
