1469 2299
101 226 162 257 139

102 492 162 524 140

103 866 159 897 141

102 1240 161 1271 142

394 117 588 156 PLINY:
632 118 895 156 NATURAL
927 118 1162 156 HISTORY

241 219 449 257 LXXXII.
480 220 589 257 Faex
627 232 787 270 quoque
824 223 1001 270 expressi
1038 226 1246 270 unguento
1281 233 1364 257 cro-

190 276 277 310 cino
292 274 399 323 quod
413 287 688 323 crocomagma
705 273 911 323 appellant
924 273 1048 310 habet
1062 287 1152 310 suas
1168 274 1364 311 utilitates

189 333 327 364 contra
359 326 592 364 suffusiones
625 327 842 371 oculorum,
875 330 1020 363 urinas.
1074 330 1201 377 magis
1235 327 1363 364 excal-

189 380 285 417 facit
312 394 433 430 quam
459 394 617 417 crocum
644 384 786 430 ipsum.
841 383 1039 430 optimum
1065 381 1172 430 quod
1198 386 1364 430 gustatu

189 434 353 471 salivam
376 434 601 484 dentesque
624 437 799 470 maxime
821 434 958 470 inficit.

241 487 471 524 LXXXIII.
504 488 575 524 Iris
612 487 702 524 rufa
737 487 877 524 melior
913 500 1034 537 quam
1071 487 1252 524 candida.
1307 490 1364 523 in-

189 539 366 578 fantibus
403 554 491 578 eam
526 541 790 591 circumligari
824 541 999 577 salutare
1038 546 1113 583 est,
1148 541 1365 577 dentienti-

186 594 261 632 bus
301 597 516 644 praecipue
558 600 600 631 et
641 595 905 632 tussientibus
948 597 1225 631 taeniarumve
1268 597 1364 631 vitio

188 647 462 685 laborantibus
487 648 681 684 instillari.
731 650 856 685 ceteri
878 647 1043 684 effectus
1063 650 1147 684 eius
1167 661 1247 684 non
1266 647 1366 684 mul-

188 706 277 737 tum
297 715 320 738 a
343 701 462 738 melle
483 700 685 738 differunt.
739 701 874 738 ulcera
898 707 1047 751 purgat
1071 703 1226 750 capitis,
1252 703 1366 750 prae-

187 757 304 804 cipue
334 758 643 805 suppurationes
673 761 844 792 veteres.
900 755 1032 791 alvum
1063 755 1179 791 solvit
1209 754 1364 791 duabus

188 807 386 845 drachmis
424 822 512 845 cum
555 809 688 852 melle,
724 811 880 852 tussim,
917 811 1103 852 tormina,
1140 807 1364 845 inflationes

188 868 298 911 pota,
330 862 455 899 lienes
489 875 538 899 ex
571 868 699 899 aceto.
754 867 894 899 contra
925 864 1174 911 serpentium
1207 867 1249 898 et
1280 874 1364 898 ara-

189 928 356 952 neorum
389 929 542 953 morsus
577 929 626 952 ex
660 928 781 965 posca
813 915 935 959 valet,
969 921 1108 952 contra
1140 917 1365 964 scorpiones

189 969 360 1006 duarum
400 969 680 1006 drachmarum
719 969 898 1019 pondere
937 971 977 1005 in
1016 982 1120 1018 pane
1159 968 1223 1005 vel
1262 982 1366 1018 aqua

189 1026 374 1067 sumitur,
399 1029 537 1060 contra
562 1037 706 1060 canum
730 1036 883 1060 morsus
909 1035 959 1059 ex
983 1022 1071 1059 oleo
1096 1024 1300 1072 inponitur
1323 1028 1366 1059 et

187 1082 327 1113 contra
370 1076 659 1126 perfrictiones.
715 1079 769 1113 sic
813 1082 855 1113 et
897 1089 1108 1113 nervorum
1151 1075 1365 1119 doloribus,

188 1129 332 1167 lumbis
362 1143 455 1167 vero
485 1136 527 1167 et
555 1130 866 1167 conxendicibus
895 1143 986 1167 cum
1014 1132 1146 1166 resina
1173 1129 1364 1166 inlinitur.

187 1186 244 1220 vis
294 1186 330 1220 ei
379 1183 697 1221 concalfactoria.
753 1185 915 1221 naribus
963 1183 1162 1220 subducta
1210 1188 1366 1220 sternu-

188 1243 327 1274 menta
352 1244 489 1274 movet
513 1243 717 1287 caputque
743 1242 903 1287 purgat.
959 1237 1083 1274 dolori
1109 1239 1250 1286 capitis
1275 1250 1366 1273 cum

187 1294 365 1328 cotoneis
414 1291 527 1328 malis
578 1296 648 1328 aut
696 1290 889 1328 strutheis
938 1291 1130 1327 inlinitur.
1185 1289 1366 1339 crapulas

187 1357 349 1394 quoque
389 1351 432 1381 et
470 1343 739 1394 orthopnoeas
779 1344 956 1382 discutit.
1010 1346 1247 1381 vomitiones
1287 1346 1367 1380 ciet

187 1397 342 1435 duobus
361 1398 485 1435 obolis
504 1404 677 1448 sumpta.
733 1411 821 1435 ossa
839 1396 968 1434 fracta
985 1397 1176 1441 extrahit,
1193 1396 1367 1447 inposita

186 1464 277 1488 cum
305 1451 436 1489 melle.
493 1452 543 1489 ad
572 1451 817 1502 paronychia
844 1450 973 1488 farina
1001 1454 1085 1488 eius
1113 1456 1297 1494 utuntur,
1324 1453 1366 1487 in

186 1507 277 1542 vino
304 1505 356 1542 ad
382 1506 512 1542 clavos
541 1512 584 1543 et
609 1519 808 1549 verrucas,
835 1505 1052 1555 triduoque
1078 1518 1159 1542 non
1185 1504 1362 1541 solvitur.

233 1655 247 1669 ‘²
269 1650 486 1682 Dioscorides
509 1651 552 1689 (I.
576 1652 632 1690 27)
655 1651 736 1682 has:
766 1650 804 1682 τὸ
823 1649 858 1682 δὲ
878 1649 1094 1690 κροκόμαγμα
1111 1648 1236 1690 γίνεται
1256 1648 1293 1680 ἐκ
1311 1651 1368 1680 τοῦ

191 1693 345 1733 κροκίνου
359 1692 461 1734 μύρου
478 1696 543 1725 τῶν
560 1692 743 1734 ἀρωμάτων
760 1692 994 1725 ἐκπιεσθέντων
1012 1693 1066 1724 καὶ
1084 1691 1366 1724 ἀναπλασθέντων.

189 1736 434 1778 Crocomagma
461 1736 633 1768 therefore
659 1747 729 1767 was
755 1736 816 1767 the
842 1736 975 1767 residue
1002 1736 1090 1767 from
1117 1746 1139 1767 a
1163 1735 1308 1776 refining
1333 1733 1372 1766 of

187 1780 314 1810 saffron
327 1780 428 1820 juice,
441 1783 505 1810 not
519 1780 541 1793 “
553 1779 613 1810 the
625 1779 800 1811 residuum
813 1779 853 1810 of
860 1779 988 1810 saffron
1001 1779 1091 1810 after
1103 1778 1163 1810 the
1174 1778 1368 1809 extraction

188 1822 227 1853 of
239 1822 299 1853 the
316 1822 362 1853 oil
377 1823 397 1835 ’'
415 1822 538 1862 (Lewis
554 1822 624 1853 and
641 1822 769 1863 Short).
815 1822 866 1854 Cf.
885 1822 985 1853 Bohn
1000 1821 1208 1852 translation
1223 1833 1231 1852 ε
1262 1821 1282 1834 “
1296 1820 1368 1851 The

187 1865 254 1896 lees
270 1865 309 1896 of
320 1865 380 1896 the
395 1868 531 1897 extract
546 1865 586 1896 of
596 1866 736 1903 saffron,
752 1864 934 1906 employed
949 1866 984 1896 in
998 1865 1059 1895 the
1074 1867 1229 1905 unguent
1242 1863 1368 1895 known

187 1918 225 1938 as
257 1908 265 1920 ‘
279 1918 517 1949 crocomagma
531 1908 577 1940 ’.'’
622 1908 639 1939 I
670 1907 759 1939 have
786 1908 878 1939 tried
906 1910 945 1939 to
972 1906 1139 1939 reconcile
1168 1906 1270 1947 Pliny
1298 1905 1369 1937 and

187 1950 402 1982 Dioscorides
420 1951 467 1992 by
483 1951 606 1992 taking
622 1955 788 1992 unguento
803 1950 933 1982 crocino
949 1959 987 1981 as
1003 1949 1157 1981 ablative
1171 1948 1369 1990 dependent·

187 2003 279 2034 upon
300 1994 458 2035 expressi,
479 1993 549 2024 and
569 1994 654 2034 quod
675 2004 713 2024 as
733 1993 876 2024 relative
896 1996 934 2024 to
950 1992 1031 2033 faex
1051 1992 1116 2023 but
1135 1991 1310 2023 attracted
1329 1994 1368 2022 to

190 2053 257 2090 262
