1469 2299
115 1066 174 1096 176

401 104 595 141 PLINY:
641 104 902 141 NATURAL
934 105 1171 141 HISTORY

198 220 322 250 mum,
343 209 416 243 nisi
436 205 623 243 hirsutior
642 208 760 243 ramis
781 219 826 242 ac
845 205 946 242 foliis
967 213 1074 243 esset
1095 212 1135 243 et
1156 206 1372 243 admodum

200 260 379 297 odorata.
435 263 514 296 ciet
540 265 582 296 et
606 272 763 296 menses
790 265 831 296 et
857 262 1001 296 urinas.

251 313 338 350 CII.
370 313 573 349 Colocasia
630 313 814 349 Glaucias
873 316 978 349 acria
1033 316 1205 362 corporis
1262 314 1375 350 leniri

200 369 358 416 putavit
380 372 421 403 et
441 365 692 403 stomachum
711 368 848 402 iuvari.

251 420 360 456 CIII.
392 419 571 456 Anthalii
628 420 735 469 quod
791 420 985 469 Aegyptii
1042 419 1168 456 edunt
1224 420 1376 456 nullum

203 473 323 510 alium
366 476 523 523 repperi
567 486 694 509 usum.
749 473 820 509 sed
864 479 925 509 est
966 472 1092 509 herba
1139 473 1377 523 anthyllium

202 540 323 576 quam
367 527 431 562 alii
476 525 701 576 anthyllum
745 532 903 569 vocant,
947 526 1116 562 duorum
1159 540 1376 576 generum:

202 580 303 617 foliis
338 586 380 616 et
412 583 530 616 ramis
564 579 778 616 lenticulae
812 579 961 623 similis,
995 580 1116 629 palmi
1149 580 1377 624 altitudine,

202 633 393 670 sabulosis
422 635 562 683 apricis
590 646 770 677 nascens,
797 633 976 669 subsalsa
1003 636 1195 683 gustanti.
1251 634 1379 670 altera

202 686 472 737 chamaepityi
506 687 656 729 similis,
689 687 846 723 brevior
880 692 922 723 et
955 686 1155 730 hirsutior,
1188 690 1378 736 purpurei

200 740 318 784 floris,
343 740 464 777 odore
487 742 632 790 gravis,
655 742 696 776 in
719 742 868 777 saxosis
893 753 1071 777 nascens.
1127 743 1232 789 prior
1256 741 1378 778 vulvis

201 796 421 843 aptissima,
441 807 489 830 ex
509 806 669 830 rosaceo
687 806 732 830 ac
750 793 854 830 lacte
872 796 1059 842 inposita,
1078 799 1120 830 et
1137 793 1377 831 vulneribus.

202 848 354 884 bibitur
400 850 440 884 in
487 849 714 897 stranguria
762 849 998 896 reniumque
1046 846 1203 884 harenis
1252 849 1378 884 tribus

201 901 411 938 drachmis.
467 901 594 937 altera
620 901 771 937 bibitur
798 903 838 936 in
865 901 1011 937 duritia
1038 900 1243 938 vulvarum
1271 907 1313 937 et
1339 904 1379 938 in

202 955 440 991 torminibus
461 960 503 991 et
523 957 562 990 in
582 954 770 991 comitiali
792 955 930 990 morbo
950 967 1041 990 cum
1061 954 1179 990 melle
1200 960 1241 991 et
1262 960 1377 991 aceto

202 1014 396 1058 quattuor
420 1007 630 1044 drachmis,

253 1061 355 1098 CIV.
385 1060 646 1098 Parthenium
679 1061 742 1097 alii
776 1060 1023 1104 leucanthes,
1055 1061 1119 1097 alii
1151 1074 1381 1098 amaracum

205 1121 362 1158 vocant,
401 1115 539 1152 Celsus
578 1115 685 1164 apud
723 1128 793 1151 nos
833 1114 1053 1163 perdicium
1091 1120 1133 1151 et
1171 1115 1378 1152 muralem.

205 1171 381 1205 nascitur
419 1171 459 1204 in
497 1168 704 1204 hortorum
742 1169 942 1217 saepifflus.
982 1167 1077 1204 flore
1117 1168 1220 1211 albo,
1259 1169 1380 1205 odore

203 1222 310 1265 mali,
348 1235 489 1271 sapore
527 1235 673 1258 amaro.
730 1221 779 1258 ad
818 1222 1071 1258 insidendum
1108 1219 1303 1258 decocta1
1341 1225 1381 1258 in

202 1275 351 1312 duritia
389 1275 594 1313 vulvarum
635 1281 676 1311 et
715 1275 1109 1317 inflammationibus‚
1149 1278 1251 1312 sicca
1289 1289 1380 1312 cum

203 1329 321 1366 melle
353 1334 395 1366 et
425 1334 539 1365 aceto
570 1331 743 1378 inposita
772 1329 894 1365 bilem
924 1328 1102 1365 detrahit
1132 1334 1274 1365 atram.
1330 1330 1380 1365 ob

202 1381 276 1419 hoc
306 1388 445 1420 contra
475 1384 691 1433 vertigines
722 1382 828 1418 utilis
860 1388 901 1419 et
931 1382 1146 1419 calculosis.
1202 1382 1381 1419 inlinitur

250 1485 261 1504 ¹
285 1485 429 1516 decocta
451 1485 536 1517 coni.
560 1485 748 1525 Detlefsen:
785 1485 947 1516 decoctae
970 1485 1059 1516 cosm.
1084 1490 1112 1516 et
1136 1485 1300 1525 Mayhoff,
1325 1485 1382 1526 qui

206 1534 278 1568 post
295 1529 625 1559 inflammationibus
642 1528 800 1559 accidisse
817 1533 911 1568 putat
929 1538 1008 1558 usus
1026 1531 1089 1559 est.

250 1673 265 1688 ‘²
288 1669 349 1700 See
374 1668 489 1700 Celsus
514 1668 561 1698 Il.
587 1669 639 1699 33.
685 1667 766 1698 This
794 1668 979 1708 perdicium
1005 1668 1032 1698 is
1056 1671 1119 1699 not
1143 1667 1202 1698 the
1227 1677 1319 1698 same
1345 1678 1381 1699 as

205 1712 284 1743 that
304 1711 501 1742 mentioned
525 1712 557 1741 in
579 1712 593 1749 ξ
612 1712 672 1741 102
693 1711 731 1741 of
748 1711 817 1741 this
840 1711 939 1741 book.

253 1755 265 1773 δ
288 1754 503 1784 Dioscorides
516 1760 522 1788 (
534 1754 596 1784 [Π.
614 1755 700 1791 138),
712 1753 749 1784 τὸ
766 1753 800 1784 δὲ
815 1753 914 1793 μέσον
930 1752 1064 1801 μήλινρν
1078 1752 1162 1793 ὀσμῇ
1175 1752 1379 1793 ὑπόβρωμον,

205 1796 862 1877 ΞῑῐῗὲῗῗῖἔὸἒὲῗῑὲέὲΜ’(ῗοῖιῖοἵὲῇῗῖὸωὲἒ
881 1796 1043 1878 ἷξίὲέιῖἶῆἷζ
1071 1838 1169 1878 αὐτῆς
1200 1837 1380 1878 amem...

207 1882 339 1922 ὑστέρας
370 1881 637 1922 ἐσκληρυσμένης.
684 1882 779 1912 With
803 1872 1008 1912 Detlessen's
1032 1881 1170 1922 reading
1193 1892 1211 1911 a
1235 1881 1381 1912 suitable

207 1926 297 1955 word
315 1936 352 1955 or
371 1925 492 1965 plu-ase
511 1929 600 1965 leg„
621 1924 711 1954 utilis
723 1929 782 1962 est)
801 1928 893 1955 must
907 1924 947 1955 be
964 1924 1120 1965 supplied
1133 1924 1219 1955 from
1233 1923 1381 1961 detrahit,

206 1969 289 1999 such
306 1978 446 2007 zeugma
468 1968 565 2008 being
585 1977 742 1998 common
762 1968 796 1997 in
816 1967 927 2008 Pliny.

211 2036 279 2079 284
