<?xml version="1.0" encoding="UTF-8"?>
<!DOCTYPE html PUBLIC "-//W3C//DTD XHTML 1.0 Transitional//EN"
    "http://www.w3.org/TR/xhtml1/DTD/xhtml1-transitional.dtd">
<html xmlns="http://www.w3.org/1999/xhtml" xml:lang="en" lang="en">
 <head>
  <title>
</title>
<meta http-equiv="Content-Type" content="text/html;charset=utf-8" />
  <meta name='ocr-system' content='tesseract 3.04.00' />
  <meta name='ocr-capabilities' content='ocr_page ocr_carea ocr_par ocr_line ocrx_word'/>
</head>
<body>
  <div class='ocr_page' id='page_1' title='image "./naturalhistory06plinuoft_0438.png"; bbox 0 0 1469 2299; ppageno 0'>
   <div class='ocr_carea' id='block_1_1' title="bbox 385 133 1155 172">
    <p class='ocr_par' dir='ltr' id='par_1_1' title="bbox 385 133 1155 172">
     <span class='ocr_line' id='line_1_1' title="bbox 385 133 1155 172; baseline 0.001 -2"><span class='ocrx_word' id='word_1_1' title='bbox 385 133 579 171; x_wconf 86' lang='lat' dir='ltr'>PLINY:</span> <span class='ocrx_word' id='word_1_2' title='bbox 624 135 886 172; x_wconf 87' lang='lat' dir='ltr'>NATURAL</span> <span class='ocrx_word' id='word_1_3' title='bbox 920 135 1155 172; x_wconf 81' lang='lat' dir='ltr'>HISTORY</span> 
     </span>
    </p>
   </div>
   <div class='ocr_carea' id='block_1_2' title="bbox 98 235 1359 1622">
    <p class='ocr_par' dir='ltr' id='par_1_2' title="bbox 181 235 1358 433">
     <span class='ocr_line' id='line_1_2' title="bbox 182 235 1356 285; baseline 0.001 -13"><span class='ocrx_word' id='word_1_4' title='bbox 182 235 308 272; x_wconf 89' lang='lat' dir='ltr'>mellis</span> <span class='ocrx_word' id='word_1_5' title='bbox 351 238 488 272; x_wconf 87' lang='lat' dir='ltr'>unciae</span> <span class='ocrx_word' id='word_1_6' title='bbox 531 236 648 272; x_wconf 82' lang='lat' dir='ltr'><strong>duae.</strong></span> <span class='ocrx_word' id='word_1_7' title='bbox 703 239 851 273; x_wconf 88' lang='lat' dir='ltr'>iustum</span> <span class='ocrx_word' id='word_1_8' title='bbox 892 242 953 272; x_wconf 87' lang='lat' dir='ltr'>est</span> <span class='ocrx_word' id='word_1_9' title='bbox 996 238 1052 272; x_wconf 88' lang='lat' dir='ltr'>ita</span> <span class='ocrx_word' id='word_1_10' title='bbox 1093 237 1356 285; x_wconf 80' lang='lat' dir='ltr'>temperatisl</span> 
     </span>
     <span class='ocr_line' id='line_1_3' title="bbox 183 289 1358 338; baseline 0.001 -13"><span class='ocrx_word' id='word_1_11' title='bbox 183 292 365 325; x_wconf 80' lang='lat' dir='ltr'>sextariis</span> <span class='ocrx_word' id='word_1_12' title='bbox 399 290 525 326; x_wconf 89' lang='lat' dir='ltr'>tribus</span> <span class='ocrx_word' id='word_1_13' title='bbox 559 289 758 338; x_wconf 87' lang='lat' dir='ltr'>decoqui2</span> <span class='ocrx_word' id='word_1_14' title='bbox 792 289 942 325; x_wconf 89' lang='lat' dir='ltr'>farinae</span> <span class='ocrx_word' id='word_1_15' title='bbox 981 289 1057 325; x_wconf 91' lang='lat' dir='ltr'>lolii</span> <span class='ocrx_word' id='word_1_16' title='bbox 1097 293 1289 326; x_wconf 81' lang='lat' dir='ltr'>sextarios</span> <span class='ocrx_word' id='word_1_17' title='bbox 1329 303 1358 326; x_wconf 90' lang='lat'>11</span> 
     </span>
     <span class='ocr_line' id='line_1_4' title="bbox 186 342 1358 392; baseline 0.001 -14"><span class='ocrx_word' id='word_1_18' title='bbox 186 355 311 391; x_wconf 88' lang='lat' dir='ltr'>usque</span> <span class='ocrx_word' id='word_1_19' title='bbox 345 343 394 378; x_wconf 85' lang='lat' dir='ltr'>ad</span> <span class='ocrx_word' id='word_1_20' title='bbox 427 343 743 386; x_wconf 84' lang='lat' dir='ltr'>crassitudinem,</span> <span class='ocrx_word' id='word_1_21' title='bbox 775 342 1026 392; x_wconf 87' lang='lat' dir='ltr'>calidumque</span> <span class='ocrx_word' id='word_1_22' title='bbox 1058 345 1192 392; x_wconf 88' lang='lat' dir='ltr'>inponi</span> <span class='ocrx_word' id='word_1_23' title='bbox 1224 342 1358 380; x_wconf 91' lang='lat' dir='ltr'>dolen-</span> 
     </span>
     <span class='ocr_line' id='line_1_5' title="bbox 181 395 1306 433; baseline 0.002 -2"><span class='ocrx_word' id='word_1_24' title='bbox 181 397 289 432; x_wconf 81' lang='lat' dir='ltr'>tibus</span> <span class='ocrx_word' id='word_1_25' title='bbox 308 396 507 432; x_wconf 82' lang='lat' dir='ltr'>membris.</span> <span class='ocrx_word' id='word_1_26' title='bbox 564 396 705 432; x_wconf 91' lang='lat' dir='ltr'>eadem</span> <span class='ocrx_word' id='word_1_27' title='bbox 724 395 850 432; x_wconf 86' lang='lat' dir='ltr'>farina</span> <span class='ocrx_word' id='word_1_28' title='bbox 869 395 1045 432; x_wconf 78' lang='lat' dir='ltr'><strong>extrahit</strong></span> <span class='ocrx_word' id='word_1_29' title='bbox 1063 409 1150 433; x_wconf 87' lang='lat' dir='ltr'>ossa</span> <span class='ocrx_word' id='word_1_30' title='bbox 1168 396 1306 433; x_wconf 87' lang='lat' dir='ltr'>fracta.</span> 
     </span>
    </p>

    <p class='ocr_par' dir='ltr' id='par_1_3' title="bbox 98 448 1359 593">
     <span class='ocr_line' id='line_1_6' title="bbox 98 448 1359 499; baseline 0.002 -15"><span class='ocrx_word' id='word_1_31' title='bbox 98 454 155 484; x_wconf 88' lang='lat'>161</span> <span class='ocrx_word' id='word_1_32' title='bbox 237 449 461 485; x_wconf 89' lang='lat' dir='ltr'>LXXVIII.</span> <span class='ocrx_word' id='word_1_33' title='bbox 495 449 666 485; x_wconf 81' lang='lat' dir='ltr'>Miliaria</span> <span class='ocrx_word' id='word_1_34' title='bbox 697 449 922 498; x_wconf 89' lang='lat' dir='ltr'>appellatur</span> <span class='ocrx_word' id='word_1_35' title='bbox 952 448 1076 486; x_wconf 89' lang='lat' dir='ltr'>herba</span> <span class='ocrx_word' id='word_1_36' title='bbox 1107 462 1209 499; x_wconf 88' lang='lat' dir='ltr'>quae</span> <span class='ocrx_word' id='word_1_37' title='bbox 1242 456 1359 486; x_wconf 85' lang='lat' dir='ltr'>necat</span> 
     </span>
     <span class='ocr_line' id='line_1_7' title="bbox 182 502 1358 553; baseline 0.002 -15"><span class='ocrx_word' id='word_1_38' title='bbox 182 503 346 539; x_wconf 85' lang='lat' dir='ltr'>milium.</span> <span class='ocrx_word' id='word_1_39' title='bbox 401 502 500 539; x_wconf 87' lang='lat' dir='ltr'>haec</span> <span class='ocrx_word' id='word_1_40' title='bbox 514 505 609 539; x_wconf 85' lang='lat' dir='ltr'>trita</span> <span class='ocrx_word' id='word_1_41' title='bbox 624 508 665 539; x_wconf 87' lang='lat' dir='ltr'>et</span> <span class='ocrx_word' id='word_1_42' title='bbox 678 515 798 539; x_wconf 87' lang='lat' dir='ltr'>cornu</span> <span class='ocrx_word' id='word_1_43' title='bbox 813 516 901 539; x_wconf 92' lang='lat' dir='ltr'>cum</span> <span class='ocrx_word' id='word_1_44' title='bbox 917 505 1006 539; x_wconf 87' lang='lat' dir='ltr'>vino</span> <span class='ocrx_word' id='word_1_45' title='bbox 1019 502 1149 539; x_wconf 88' lang='lat' dir='ltr'>infusa</span> <span class='ocrx_word' id='word_1_46' title='bbox 1162 503 1358 553; x_wconf 86' lang='lat' dir='ltr'>podagras</span> 
     </span>
     <span class='ocr_line' id='line_1_8' title="bbox 182 556 785 593; baseline 0 -1"><span class='ocrx_word' id='word_1_47' title='bbox 182 558 451 592; x_wconf 89' lang='lat' dir='ltr'>iumentorum</span> <span class='ocrx_word' id='word_1_48' title='bbox 471 556 615 593; x_wconf 93' lang='lat' dir='ltr'>dicitur</span> <span class='ocrx_word' id='word_1_49' title='bbox 634 569 785 592; x_wconf 91' lang='lat' dir='ltr'>sanare.</span> 
     </span>
    </p>

    <p class='ocr_par' dir='ltr' id='par_1_4' title="bbox 182 609 1359 925">
     <span class='ocr_line' id='line_1_9' title="bbox 238 609 1356 658; baseline 0.001 -13"><span class='ocrx_word' id='word_1_50' title='bbox 238 609 421 646; x_wconf 88' lang='lat' dir='ltr'>LXXIX.</span> <span class='ocrx_word' id='word_1_51' title='bbox 451 609 612 646; x_wconf 90' lang='lat' dir='ltr'>Bromos</span> <span class='ocrx_word' id='word_1_52' title='bbox 627 622 764 645; x_wconf 89' lang='lat' dir='ltr'>semen</span> <span class='ocrx_word' id='word_1_53' title='bbox 779 615 840 646; x_wconf 91' lang='lat' dir='ltr'>est</span> <span class='ocrx_word' id='word_1_54' title='bbox 854 612 1003 658; x_wconf 83' lang='lat' dir='ltr'>spicam</span> <span class='ocrx_word' id='word_1_55' title='bbox 1017 609 1181 646; x_wconf 90' lang='lat' dir='ltr'>ferentis</span> <span class='ocrx_word' id='word_1_56' title='bbox 1196 609 1356 647; x_wconf 84' lang='lat' dir='ltr'><strong>herbae.</strong></span> 
     </span>
     <span class='ocr_line' id='line_1_10' title="bbox 182 663 1358 712; baseline 0.002 -14"><span class='ocrx_word' id='word_1_57' title='bbox 182 665 356 699; x_wconf 89' lang='lat' dir='ltr'>nascitur</span> <span class='ocrx_word' id='word_1_58' title='bbox 385 665 490 699; x_wconf 91' lang='lat' dir='ltr'>inter</span> <span class='ocrx_word' id='word_1_59' title='bbox 520 665 614 699; x_wconf 82' lang='lat' dir='ltr'>vitia</span> <span class='ocrx_word' id='word_1_60' title='bbox 643 666 791 712; x_wconf 84' lang='lat' dir='ltr'>segetis</span> <span class='ocrx_word' id='word_1_61' title='bbox 821 676 971 699; x_wconf 85' lang='lat' dir='ltr'><strong>avenae</strong></span> <span class='ocrx_word' id='word_1_62' title='bbox 1001 676 1164 712; x_wconf 89' lang='lat' dir='ltr'><strong>genere,</strong></span> <span class='ocrx_word' id='word_1_63' title='bbox 1195 663 1287 699; x_wconf 89' lang='lat' dir='ltr'>folia</span> <span class='ocrx_word' id='word_1_64' title='bbox 1317 670 1358 700; x_wconf 89' lang='lat' dir='ltr'>et</span> 
     </span>
     <span class='ocr_line' id='line_1_11' title="bbox 184 716 1359 766; baseline 0.001 -14"><span class='ocrx_word' id='word_1_65' title='bbox 184 716 331 765; x_wconf 87' lang='lat' dir='ltr'>stipula</span> <span class='ocrx_word' id='word_1_66' title='bbox 361 719 537 753; x_wconf 89' lang='lat' dir='ltr'>triticum</span> <span class='ocrx_word' id='word_1_67' title='bbox 567 719 788 753; x_wconf 78' lang='lat' dir='ltr'>imitantur.</span> <span class='ocrx_word' id='word_1_68' title='bbox 842 719 881 752; x_wconf 93' lang='lat' dir='ltr'>in</span> <span class='ocrx_word' id='word_1_69' title='bbox 912 717 1180 753; x_wconf 86' lang='lat' dir='ltr'>cacuminibus</span> <span class='ocrx_word' id='word_1_70' title='bbox 1211 717 1359 766; x_wconf 90' lang='lat' dir='ltr'>depen—</span> 
     </span>
     <span class='ocr_line' id='line_1_12' title="bbox 183 769 1359 818; baseline 0.001 -13"><span class='ocrx_word' id='word_1_71' title='bbox 183 770 325 806; x_wconf 81' lang='lat' dir='ltr'><strong>dentes</strong></span> <span class='ocrx_word' id='word_1_72' title='bbox 352 769 534 818; x_wconf 85' lang='lat' dir='ltr'>parvulas</span> <span class='ocrx_word' id='word_1_73' title='bbox 561 770 683 806; x_wconf 89' lang='lat' dir='ltr'>veluti</span> <span class='ocrx_word' id='word_1_74' title='bbox 711 770 881 807; x_wconf 83' lang='lat' dir='ltr'>locustas</span> <span class='ocrx_word' id='word_1_75' title='bbox 908 769 1043 806; x_wconf 87' lang='lat' dir='ltr'>habet.</span> <span class='ocrx_word' id='word_1_76' title='bbox 1098 783 1235 807; x_wconf 91' lang='lat' dir='ltr'>semen</span> <span class='ocrx_word' id='word_1_77' title='bbox 1262 770 1359 807; x_wconf 91' lang='lat' dir='ltr'>utile</span> 
     </span>
     <span class='ocr_line' id='line_1_13' title="bbox 183 823 1356 873; baseline 0.001 -14"><span class='ocrx_word' id='word_1_78' title='bbox 183 823 233 859; x_wconf 87' lang='lat' dir='ltr'>ad</span> <span class='ocrx_word' id='word_1_79' title='bbox 262 823 551 872; x_wconf 86' lang='lat' dir='ltr'>cataplasmata</span> <span class='ocrx_word' id='word_1_80' title='bbox 576 836 703 873; x_wconf 88' lang='lat' dir='ltr'>aeque</span> <span class='ocrx_word' id='word_1_81' title='bbox 734 824 887 873; x_wconf 85' lang='lat' dir='ltr'>atque3</span> <span class='ocrx_word' id='word_1_82' title='bbox 916 823 1108 860; x_wconf 87' lang='lat' dir='ltr'>hordeum</span> <span class='ocrx_word' id='word_1_83' title='bbox 1135 830 1176 860; x_wconf 93' lang='lat' dir='ltr'>et</span> <span class='ocrx_word' id='word_1_84' title='bbox 1205 824 1356 860; x_wconf 87' lang='lat' dir='ltr'>similia.</span> 
     </span>
     <span class='ocr_line' id='line_1_14' title="bbox 183 876 785 925; baseline 0.002 -13"><span class='ocrx_word' id='word_1_85' title='bbox 183 876 345 925; x_wconf 86' lang='lat' dir='ltr'>prodest</span> <span class='ocrx_word' id='word_1_86' title='bbox 371 878 631 913; x_wconf 87' lang='lat' dir='ltr'>tussientibus</span> <span class='ocrx_word' id='word_1_87' title='bbox 657 890 785 913; x_wconf 89' lang='lat' dir='ltr'>sucus.</span> 
     </span>
    </p>

    <p class='ocr_par' dir='ltr' id='par_1_5' title="bbox 98 929 1359 1187">
     <span class='ocr_line' id='line_1_15' title="bbox 98 929 1357 979; baseline 0.002 -15"><span class='ocrx_word' id='word_1_88' title='bbox 98 935 156 965; x_wconf 82' lang='lat'>162</span> <span class='ocrx_word' id='word_1_89' title='bbox 236 930 396 966; x_wconf 89' lang='lat' dir='ltr'>LXXX.</span> <span class='ocrx_word' id='word_1_90' title='bbox 426 929 690 967; x_wconf 87' lang='lat' dir='ltr'>Orobanchen</span> <span class='ocrx_word' id='word_1_91' title='bbox 728 929 1013 979; x_wconf 84' lang='lat' dir='ltr'>appellavimus</span> <span class='ocrx_word' id='word_1_92' title='bbox 1050 936 1262 966; x_wconf 89' lang='lat' dir='ltr'>necantem</span> <span class='ocrx_word' id='word_1_93' title='bbox 1299 943 1357 967; x_wconf 90' lang='lat' dir='ltr'>er—</span> 
     </span>
     <span class='ocr_line' id='line_1_16' title="bbox 187 983 1359 1033; baseline 0.001 -14"><span class='ocrx_word' id='word_1_94' title='bbox 187 997 277 1019; x_wconf 79' lang='lat' dir='ltr'>vum</span> <span class='ocrx_word' id='word_1_95' title='bbox 307 989 348 1019; x_wconf 92' lang='lat' dir='ltr'>et</span> <span class='ocrx_word' id='word_1_96' title='bbox 374 983 590 1033; x_wconf 83' lang='lat' dir='ltr'>legumina,</span> <span class='ocrx_word' id='word_1_97' title='bbox 618 984 680 1019; x_wconf 90' lang='lat' dir='ltr'>alii</span> <span class='ocrx_word' id='word_1_98' title='bbox 709 986 963 1033; x_wconf 76' lang='lat' dir='ltr'>cynomorion</span> <span class='ocrx_word' id='word_1_99' title='bbox 991 996 1079 1020; x_wconf 90' lang='lat' dir='ltr'>eam</span> <span class='ocrx_word' id='word_1_100' title='bbox 1107 984 1311 1033; x_wconf 88' lang='lat' dir='ltr'>appellant</span> <span class='ocrx_word' id='word_1_101' title='bbox 1337 997 1359 1020; x_wconf 90' lang='lat' dir='ltr'>a</span> 
     </span>
     <span class='ocr_line' id='line_1_17' title="bbox 183 1037 1358 1087; baseline 0.002 -15"><span class='ocrx_word' id='word_1_102' title='bbox 183 1037 441 1073; x_wconf 86' lang='lat' dir='ltr'>similitudine</span> <span class='ocrx_word' id='word_1_103' title='bbox 486 1040 613 1073; x_wconf 85' lang='lat' dir='ltr'>canini</span> <span class='ocrx_word' id='word_1_104' title='bbox 659 1037 857 1087; x_wconf 85' lang='lat' dir='ltr'>genitalis.</span> <span class='ocrx_word' id='word_1_105' title='bbox 911 1037 1124 1073; x_wconf 90' lang='lat' dir='ltr'>cauliculus</span> <span class='ocrx_word' id='word_1_106' title='bbox 1171 1043 1232 1073; x_wconf 91' lang='lat' dir='ltr'>est</span> <span class='ocrx_word' id='word_1_107' title='bbox 1275 1040 1358 1074; x_wconf 85' lang='lat' dir='ltr'>sine</span> 
     </span>
     <span class='ocr_line' id='line_1_18' title="bbox 185 1089 1357 1140; baseline 0.002 -15"><span class='ocrx_word' id='word_1_108' title='bbox 185 1089 299 1133; x_wconf 85' lang='lat' dir='ltr'>foliis,</span> <span class='ocrx_word' id='word_1_109' title='bbox 322 1093 492 1140; x_wconf 84' lang='lat' dir='ltr'>pinguis,</span> <span class='ocrx_word' id='word_1_110' title='bbox 513 1091 672 1127; x_wconf 88' lang='lat' dir='ltr'>rubens.</span> <span class='ocrx_word' id='word_1_111' title='bbox 728 1096 838 1127; x_wconf 91' lang='lat' dir='ltr'>estur</span> <span class='ocrx_word' id='word_1_112' title='bbox 859 1096 900 1127; x_wconf 89' lang='lat' dir='ltr'>et</span> <span class='ocrx_word' id='word_1_113' title='bbox 922 1103 992 1140; x_wconf 90' lang='lat' dir='ltr'>per</span> <span class='ocrx_word' id='word_1_114' title='bbox 1012 1103 1054 1126; x_wconf 90' lang='lat' dir='ltr'>se</span> <span class='ocrx_word' id='word_1_115' title='bbox 1077 1097 1118 1127; x_wconf 92' lang='lat' dir='ltr'>et</span> <span class='ocrx_word' id='word_1_116' title='bbox 1140 1093 1178 1126; x_wconf 89' lang='lat' dir='ltr'>in</span> <span class='ocrx_word' id='word_1_117' title='bbox 1200 1093 1357 1140; x_wconf 85' lang='lat' dir='ltr'>patinis,</span> 
     </span>
     <span class='ocr_line' id='line_1_19' title="bbox 183 1144 742 1187; baseline 0.002 -8"><span class='ocrx_word' id='word_1_118' title='bbox 183 1157 271 1179; x_wconf 91' lang='lat' dir='ltr'>cum</span> <span class='ocrx_word' id='word_1_119' title='bbox 299 1149 439 1180; x_wconf 86' lang='lat' dir='ltr'>tenera</span> <span class='ocrx_word' id='word_1_120' title='bbox 465 1150 539 1187; x_wconf 88' lang='lat' dir='ltr'>est,</span> <span class='ocrx_word' id='word_1_121' title='bbox 564 1144 742 1180; x_wconf 82' lang='lat' dir='ltr'>decocta.</span> 
     </span>
    </p>

    <p class='ocr_par' dir='ltr' id='par_1_6' title="bbox 98 1197 1358 1502">
     <span class='ocr_line' id='line_1_20' title="bbox 98 1197 1358 1247; baseline 0.002 -16"><span class='ocrx_word' id='word_1_122' title='bbox 98 1201 155 1233; x_wconf 83' lang='lat'>163</span> <span class='ocrx_word' id='word_1_123' title='bbox 235 1197 417 1234; x_wconf 85' lang='lat' dir='ltr'>LXXXI.</span> <span class='ocrx_word' id='word_1_124' title='bbox 448 1198 501 1234; x_wconf 89' lang='lat' dir='ltr'>Et</span> <span class='ocrx_word' id='word_1_125' title='bbox 547 1197 813 1247; x_wconf 84' lang='lat' dir='ltr'>leguminibus</span> <span class='ocrx_word' id='word_1_126' title='bbox 861 1199 1119 1233; x_wconf 87' lang='lat' dir='ltr'>innascuntur</span> <span class='ocrx_word' id='word_1_127' title='bbox 1165 1197 1358 1234; x_wconf 86' lang='lat' dir='ltr'>bestiolae</span> 
     </span>
     <span class='ocr_line' id='line_1_21' title="bbox 183 1250 1358 1300; baseline 0.002 -15"><span class='ocrx_word' id='word_1_128' title='bbox 183 1256 404 1287; x_wconf 86' lang='lat' dir='ltr'>venenatae</span> <span class='ocrx_word' id='word_1_129' title='bbox 435 1264 538 1300; x_wconf 90' lang='lat' dir='ltr'>quae</span> <span class='ocrx_word' id='word_1_130' title='bbox 563 1264 703 1287; x_wconf 88' lang='lat' dir='ltr'>manus</span> <span class='ocrx_word' id='word_1_131' title='bbox 728 1256 913 1300; x_wconf 84' lang='lat' dir='ltr'>pungunt</span> <span class='ocrx_word' id='word_1_132' title='bbox 944 1256 985 1287; x_wconf 91' lang='lat' dir='ltr'>et</span> <span class='ocrx_word' id='word_1_133' title='bbox 1010 1250 1228 1300; x_wconf 86' lang='lat' dir='ltr'>periculum</span> <span class='ocrx_word' id='word_1_134' title='bbox 1253 1253 1358 1287; x_wconf 85' lang='lat' dir='ltr'>vitae</span> 
     </span>
     <span class='ocr_line' id='line_1_22' title="bbox 181 1303 1358 1355; baseline 0.002 -16"><span class='ocrx_word' id='word_1_135' title='bbox 181 1303 384 1347; x_wconf 88' lang='lat' dir='ltr'>adferunt,</span> <span class='ocrx_word' id='word_1_136' title='bbox 407 1305 677 1354; x_wconf 79' lang='lat' dir='ltr'>solipugarum</span> <span class='ocrx_word' id='word_1_137' title='bbox 699 1307 868 1355; x_wconf 84' lang='lat' dir='ltr'>generis.</span> <span class='ocrx_word' id='word_1_138' title='bbox 925 1304 1111 1340; x_wconf 86' lang='lat' dir='ltr'>adversus</span> <span class='ocrx_word' id='word_1_139' title='bbox 1135 1303 1204 1340; x_wconf 89' lang='lat' dir='ltr'>has</span> <span class='ocrx_word' id='word_1_140' title='bbox 1227 1307 1358 1341; x_wconf 87' lang='lat' dir='ltr'>omnia</span> 
     </span>
     <span class='ocr_line' id='line_1_23' title="bbox 185 1357 1358 1408; baseline 0 -14"><span class='ocrx_word' id='word_1_141' title='bbox 185 1358 327 1394; x_wconf 85' lang='lat' dir='ltr'>eadem</span> <span class='ocrx_word' id='word_1_142' title='bbox 353 1358 567 1394; x_wconf 89' lang='lat' dir='ltr'>medentur</span> <span class='ocrx_word' id='word_1_143' title='bbox 593 1371 696 1408; x_wconf 86' lang='lat' dir='ltr'>quae</span> <span class='ocrx_word' id='word_1_144' title='bbox 722 1364 860 1394; x_wconf 88' lang='lat' dir='ltr'>contra</span> <span class='ocrx_word' id='word_1_145' title='bbox 886 1371 1050 1394; x_wconf 85' lang='lat' dir='ltr'>araneos</span> <span class='ocrx_word' id='word_1_146' title='bbox 1077 1363 1119 1394; x_wconf 90' lang='lat' dir='ltr'>et</span> <span class='ocrx_word' id='word_1_147' title='bbox 1144 1357 1358 1408; x_wconf 85' lang='lat' dir='ltr'>phalangia</span> 
     </span>
     <span class='ocr_line' id='line_1_24' title="bbox 185 1410 1358 1462; baseline 0.002 -16"><span class='ocrx_word' id='word_1_148' title='bbox 185 1411 521 1448; x_wconf 84' lang='lat' dir='ltr'>demonstrantur.</span> <span class='ocrx_word' id='word_1_149' title='bbox 578 1417 620 1448; x_wconf 89' lang='lat' dir='ltr'>et</span> <span class='ocrx_word' id='word_1_150' title='bbox 657 1411 815 1462; x_wconf 87' lang='lat' dir='ltr'>frugum</span> <span class='ocrx_word' id='word_1_151' title='bbox 855 1411 1016 1461; x_wconf 90' lang='lat' dir='ltr'>quidem</span> <span class='ocrx_word' id='word_1_152' title='bbox 1054 1410 1152 1447; x_wconf 84' lang='lat' dir='ltr'>haec</span> <span class='ocrx_word' id='word_1_153' title='bbox 1189 1417 1283 1448; x_wconf 87' lang='lat' dir='ltr'>sunt</span> <span class='ocrx_word' id='word_1_154' title='bbox 1319 1414 1358 1448; x_wconf 92' lang='lat' dir='ltr'>in</span> 
     </span>
     <span class='ocr_line' id='line_1_25' title="bbox 185 1465 446 1502; baseline 0.008 -2"><span class='ocrx_word' id='word_1_155' title='bbox 185 1478 256 1500; x_wconf 90' lang='lat' dir='ltr'>usu</span> <span class='ocrx_word' id='word_1_156' title='bbox 280 1465 446 1502; x_wconf 89' lang='lat' dir='ltr'>medico.</span> 
     </span>
    </p>

    <p class='ocr_par' dir='ltr' id='par_1_7' title="bbox 98 1517 1358 1622">
     <span class='ocr_line' id='line_1_26' title="bbox 98 1517 1358 1568; baseline 0.002 -17"><span class='ocrx_word' id='word_1_157' title='bbox 98 1521 158 1553; x_wconf 81' lang='lat'>164</span> <span class='ocrx_word' id='word_1_158' title='bbox 236 1518 442 1555; x_wconf 86' lang='lat' dir='ltr'>LXXXII.</span> <span class='ocrx_word' id='word_1_159' title='bbox 473 1518 532 1554; x_wconf 87' lang='lat' dir='ltr'>Ex</span> <span class='ocrx_word' id='word_1_160' title='bbox 567 1518 708 1555; x_wconf 91' lang='lat' dir='ltr'>iisdem</span> <span class='ocrx_word' id='word_1_161' title='bbox 743 1518 844 1555; x_wconf 88' lang='lat' dir='ltr'>fiunt</span> <span class='ocrx_word' id='word_1_162' title='bbox 878 1524 921 1555; x_wconf 91' lang='lat' dir='ltr'>et</span> <span class='ocrx_word' id='word_1_163' title='bbox 954 1524 1086 1567; x_wconf 85' lang='lat' dir='ltr'>potus,</span> <span class='ocrx_word' id='word_1_164' title='bbox 1120 1517 1285 1568; x_wconf 91' lang='lat' dir='ltr'>zythum</span> <span class='ocrx_word' id='word_1_165' title='bbox 1319 1521 1358 1555; x_wconf 92' lang='lat' dir='ltr'>in</span> 
     </span>
     <span class='ocr_line' id='line_1_27' title="bbox 182 1572 1356 1622; baseline 0.001 -14"><span class='ocrx_word' id='word_1_166' title='bbox 182 1572 384 1622; x_wconf 77' lang='lat' dir='ltr'>Aegypto,</span> <span class='ocrx_word' id='word_1_167' title='bbox 417 1572 541 1608; x_wconf 86' lang='lat' dir='ltr'>caelia</span> <span class='ocrx_word' id='word_1_168' title='bbox 575 1578 617 1609; x_wconf 89' lang='lat' dir='ltr'>et</span> <span class='ocrx_word' id='word_1_169' title='bbox 649 1585 764 1608; x_wconf 87' lang='lat' dir='ltr'>cerea</span> <span class='ocrx_word' id='word_1_170' title='bbox 796 1574 836 1608; x_wconf 92' lang='lat' dir='ltr'>in</span> <span class='ocrx_word' id='word_1_171' title='bbox 871 1572 1076 1621; x_wconf 85' lang='lat' dir='ltr'>Hispania,</span> <span class='ocrx_word' id='word_1_172' title='bbox 1107 1574 1282 1608; x_wconf 85' lang='lat' dir='ltr'>cervesia</span> <span class='ocrx_word' id='word_1_173' title='bbox 1316 1577 1356 1609; x_wconf 83' lang='lat' dir='ltr'>et</span> 
     </span>
    </p>
   </div>
   <div class='ocr_carea' id='block_1_3' title="bbox 185 1660 1358 1958">
    <p class='ocr_par' dir='ltr' id='par_1_8' title="bbox 186 1660 1358 1744">
     <span class='ocr_line' id='line_1_28' title="bbox 229 1660 1358 1701; baseline 0.001 -10"><span class='ocrx_word' id='word_1_174' title='bbox 229 1661 241 1680; x_wconf 81' lang='lat'>¹</span> <span class='ocrx_word' id='word_1_175' title='bbox 264 1662 464 1701; x_wconf 80' lang='lat' dir='ltr'>temperatis</span> <span class='ocrx_word' id='word_1_176' title='bbox 495 1661 546 1692; x_wconf 90' lang='lat' dir='ltr'>Vd</span> <span class='ocrx_word' id='word_1_177' title='bbox 577 1661 660 1701; x_wconf 73' lang='lat' dir='ltr'>vulq.</span> <span class='ocrx_word' id='word_1_178' title='bbox 694 1661 867 1701; x_wconf 73' lang='lat' dir='ltr'>Mayhoff:</span> <span class='ocrx_word' id='word_1_179' title='bbox 911 1661 1094 1701; x_wconf 82' lang='lat' dir='ltr'>temperati</span> <span class='ocrx_word' id='word_1_180' title='bbox 1124 1661 1152 1691; x_wconf 89' lang='lat' dir='ltr'>E</span> <span class='ocrx_word' id='word_1_181' title='bbox 1182 1660 1358 1701; x_wconf 73' lang='lat' dir='ltr'>Detlessen.</span> 
     </span>
     <span class='ocr_line' id='line_1_29' title="bbox 186 1703 1191 1744; baseline 0.002 -11"><span class='ocrx_word' id='word_1_182' title='bbox 186 1703 264 1734; x_wconf 62' lang='lat' dir='ltr'>Post</span> <span class='ocrx_word' id='word_1_183' title='bbox 285 1705 486 1744; x_wconf 81' lang='lat' dir='ltr'>temperatis</span> <span class='ocrx_word' id='word_1_184' title='bbox 506 1704 661 1735; x_wconf 73' lang='lat' dir='ltr'>lacunam</span> <span class='ocrx_word' id='word_1_185' title='bbox 680 1714 754 1735; x_wconf 81' lang='lat' dir='ltr'>cum</span> <span class='ocrx_word' id='word_1_186' title='bbox 775 1704 861 1735; x_wconf 81' lang='lat' dir='ltr'>Iano</span> <span class='ocrx_word' id='word_1_187' title='bbox 881 1703 1006 1734; x_wconf 72' lang='lat' dir='ltr'>indicat</span> <span class='ocrx_word' id='word_1_188' title='bbox 1028 1703 1191 1744; x_wconf 77' lang='lat' dir='ltr'>Mayhoff.</span> 
     </span>
    </p>

    <p class='ocr_par' dir='ltr' id='par_1_9' title="bbox 185 1745 1357 1872">
     <span class='ocr_line' id='line_1_30' title="bbox 230 1745 1355 1787; baseline 0 -11"><span class='ocrx_word' id='word_1_189' title='bbox 230 1747 242 1764; x_wconf 82' lang='lat'><strong>²</strong></span> <span class='ocrx_word' id='word_1_190' title='bbox 265 1747 409 1787; x_wconf 76' lang='lat' dir='ltr'>decoqui</span> <span class='ocrx_word' id='word_1_191' title='bbox 442 1757 516 1777; x_wconf 72' lang='lat' dir='ltr'>cum</span> <span class='ocrx_word' id='word_1_192' title='bbox 550 1746 712 1778; x_wconf 78' lang='lat' dir='ltr'>Pintiano</span> <span class='ocrx_word' id='word_1_193' title='bbox 746 1746 1005 1786; x_wconf 76' lang='lat' dir='ltr'>(Observationes</span> <span class='ocrx_word' id='word_1_194' title='bbox 1041 1747 1137 1786; x_wconf 84' lang='lat'>1593)</span> <span class='ocrx_word' id='word_1_195' title='bbox 1171 1745 1355 1786; x_wconf 79' lang='lat' dir='ltr'>Dellefsen:</span> 
     </span>
     <span class='ocr_line' id='line_1_31' title="bbox 185 1788 1357 1830; baseline 0.002 -12"><span class='ocrx_word' id='word_1_196' title='bbox 185 1788 346 1820; x_wconf 77' lang='lat' dir='ltr'>decoctae</span> <span class='ocrx_word' id='word_1_197' title='bbox 373 1790 462 1821; x_wconf 70' lang='lat' dir='ltr'>codd.</span> <span class='ocrx_word' id='word_1_198' title='bbox 491 1789 654 1829; x_wconf 73' lang='lat' dir='ltr'>Mayhoff,</span> <span class='ocrx_word' id='word_1_199' title='bbox 682 1789 739 1830; x_wconf 75' lang='lat' dir='ltr'>qui</span> <span class='ocrx_word' id='word_1_200' title='bbox 765 1789 850 1821; x_wconf 83' lang='lat' dir='ltr'>coni.</span> <span class='ocrx_word' id='word_1_201' title='bbox 877 1790 1061 1830; x_wconf 80' lang='lat' dir='ltr'>temperari</span> <span class='ocrx_word' id='word_1_202' title='bbox 1088 1813 1095 1820; x_wconf 87' lang='lat'>.</span> <span class='ocrx_word' id='word_1_203' title='bbox 1125 1813 1132 1820; x_wconf 92' lang='lat'>.</span> <span class='ocrx_word' id='word_1_204' title='bbox 1155 1812 1162 1819; x_wconf 92' lang='lat'>.</span> <span class='ocrx_word' id='word_1_205' title='bbox 1197 1788 1357 1820; x_wconf 79' lang='lat' dir='ltr'>decoctae</span> 
     </span>
     <span class='ocr_line' id='line_1_32' title="bbox 188 1831 1294 1872; baseline 0.002 -11"><span class='ocrx_word' id='word_1_206' title='bbox 188 1831 318 1862; x_wconf 76' lang='lat' dir='ltr'>farinae</span> <span class='ocrx_word' id='word_1_207' title='bbox 336 1832 405 1862; x_wconf 91' lang='lat' dir='ltr'>lolii</span> <span class='ocrx_word' id='word_1_208' title='bbox 423 1833 611 1863; x_wconf 80' lang='lat' dir='ltr'>sextarium</span> <span class='ocrx_word' id='word_1_209' title='bbox 633 1857 640 1863; x_wconf 93' lang='lat'>.</span> <span class='ocrx_word' id='word_1_210' title='bbox 662 1856 668 1863; x_wconf 88' lang='lat'>.</span> <span class='ocrx_word' id='word_1_211' title='bbox 691 1856 698 1863; x_wconf 90' lang='lat'>.</span> <span class='ocrx_word' id='word_1_212' title='bbox 718 1832 935 1872; x_wconf 83' lang='lat' dir='ltr'>calidumque</span> <span class='ocrx_word' id='word_1_213' title='bbox 956 1831 1040 1871; x_wconf 73' lang='lat' dir='ltr'>(sine</span> <span class='ocrx_word' id='word_1_214' title='bbox 1058 1831 1193 1862; x_wconf 78' lang='lat' dir='ltr'>duobus</span> <span class='ocrx_word' id='word_1_215' title='bbox 1212 1833 1294 1871; x_wconf 85' lang='lat'>[11]).</span> 
     </span>
    </p>

    <p class='ocr_par' dir='ltr' id='par_1_10' title="bbox 186 1874 1356 1958">
     <span class='ocr_line' id='line_1_33' title="bbox 231 1874 1356 1915; baseline 0 -10"><span class='ocrx_word' id='word_1_216' title='bbox 231 1875 243 1892; x_wconf 82' lang='lat'>³</span> <span class='ocrx_word' id='word_1_217' title='bbox 267 1885 374 1915; x_wconf 86' lang='lat' dir='ltr'>aeque</span> <span class='ocrx_word' id='word_1_218' title='bbox 391 1879 496 1915; x_wconf 83' lang='lat' dir='ltr'>atque</span> <span class='ocrx_word' id='word_1_219' title='bbox 513 1875 632 1911; x_wconf 71' lang='lat' dir='ltr'>Hard„</span> <span class='ocrx_word' id='word_1_220' title='bbox 648 1874 813 1915; x_wconf 75' lang='lat' dir='ltr'>Dellefsen</span> <span class='ocrx_word' id='word_1_221' title='bbox 829 1887 836 1906; x_wconf 74' lang='grc' dir='ltr'><strong>ε</strong></span> <span class='ocrx_word' id='word_1_222' title='bbox 867 1879 973 1915; x_wconf 83' lang='lat' dir='ltr'>atque</span> <span class='ocrx_word' id='word_1_223' title='bbox 989 1875 1078 1905; x_wconf 83' lang='lat' dir='ltr'>codd.</span> <span class='ocrx_word' id='word_1_224' title='bbox 1095 1886 1102 1905; x_wconf 89' lang='lat'>:</span> <span class='ocrx_word' id='word_1_225' title='bbox 1133 1874 1177 1905; x_wconf 85' lang='lat' dir='ltr'>ad</span> <span class='ocrx_word' id='word_1_226' title='bbox 1195 1885 1282 1914; x_wconf 84' lang='lat' dir='ltr'>quae</span> <span class='ocrx_word' id='word_1_227' title='bbox 1300 1878 1356 1906; x_wconf 79' lang='lat' dir='ltr'>vet.</span> 
     </span>
     <span class='ocr_line' id='line_1_34' title="bbox 186 1916 1261 1958; baseline -0.001 -10"><span class='ocrx_word' id='word_1_228' title='bbox 186 1916 278 1948; x_wconf 78' lang='lat' dir='ltr'>lectio</span> <span class='ocrx_word' id='word_1_229' title='bbox 297 1928 316 1947; x_wconf 82' lang='grc' dir='ltr'>(ι</span> <span class='ocrx_word' id='word_1_230' title='bbox 337 1917 552 1958; x_wconf 75' lang='lat' dir='ltr'>Dalecampio</span> <span class='ocrx_word' id='word_1_231' title='bbox 570 1918 613 1948; x_wconf 81' lang='lat' dir='ltr'>ad</span> <span class='ocrx_word' id='word_1_232' title='bbox 632 1917 812 1958; x_wconf 74' lang='lat' dir='ltr'>maryinem</span> <span class='ocrx_word' id='word_1_233' title='bbox 831 1922 960 1949; x_wconf 77' lang='lat' dir='ltr'>enotata</span> <span class='ocrx_word' id='word_1_234' title='bbox 983 1918 1077 1953; x_wconf 84' lang='lat'>1606,</span> <span class='ocrx_word' id='word_1_235' title='bbox 1098 1917 1261 1958; x_wconf 79' lang='lat' dir='ltr'>Mayhoff.</span> 
     </span>
    </p>
   </div>
   <div class='ocr_carea' id='block_1_4' title="bbox 223 2002 1314 2044">
    <p class='ocr_par' dir='ltr' id='par_1_11' title="bbox 223 2002 1314 2044">
     <span class='ocr_line' id='line_1_35' title="bbox 223 2002 1314 2044; baseline 0 -10"><span class='ocrx_word' id='word_1_236' title='bbox 223 2008 237 2022; x_wconf 63' lang='grc' dir='ltr'><em>α</em></span> <span class='ocrx_word' id='word_1_237' title='bbox 261 2003 474 2044; x_wconf 80' lang='lat' dir='ltr'>Apparently</span> <span class='ocrx_word' id='word_1_238' title='bbox 489 2007 525 2034; x_wconf 90' lang='lat' dir='ltr'>to</span> <span class='ocrx_word' id='word_1_239' title='bbox 539 2003 739 2034; x_wconf 79' lang='lat' dir='ltr'>administer</span> <span class='ocrx_word' id='word_1_240' title='bbox 752 2003 811 2034; x_wconf 82' lang='lat' dir='ltr'>the</span> <span class='ocrx_word' id='word_1_241' title='bbox 823 2003 972 2042; x_wconf 77' lang='lat' dir='ltr'>draught</span> <span class='ocrx_word' id='word_1_242' title='bbox 986 2002 1067 2033; x_wconf 85' lang='lat' dir='ltr'>with</span> <span class='ocrx_word' id='word_1_243' title='bbox 1082 2006 1215 2043; x_wconf 80' lang='lat' dir='ltr'>greater</span> <span class='ocrx_word' id='word_1_244' title='bbox 1227 2013 1314 2035; x_wconf 78' lang='lat' dir='ltr'>ease.</span> 
     </span>
    </p>
   </div>
   <div class='ocr_carea' id='block_1_5' title="bbox 183 2065 253 2110">
    <p class='ocr_par' dir='ltr' id='par_1_12' title="bbox 183 2065 253 2110">
     <span class='ocr_line' id='line_1_36' title="bbox 183 2065 253 2110; baseline -0.014 -10"><span class='ocrx_word' id='word_1_245' title='bbox 183 2065 253 2110; x_wconf 88' lang='lat'>408</span> 
     </span>
    </p>
   </div>
  </div>
 </body>
</html>
