1469 2299
96 216 155 246 124

104 1395 161 1425 126

388 108 581 145 PLINY:
628 107 888 145 NATURAL
922 107 1156 145 HISTORY

182 212 261 246 vini
281 209 436 260 cyathis
457 210 596 246 tribus.
652 211 812 246 seminis
833 211 1031 258 optimum
1051 211 1266 254 crocinum,
1285 222 1358 246 nec

182 280 365 316 anniculo
393 281 605 322 vetustius,
635 285 677 315 et
704 281 744 315 in
774 279 914 315 umbra
943 281 1158 321 siccatum·‚
1200 281 1358 330 nigrum

184 349 336 386 inutile.
393 349 574 386 dentium
631 348 754 385 dolori
809 348 1002 392 inlinitur,
1058 351 1211 385 urinam
1267 351 1359 392 ciet,

184 418 389 456 stomacho
430 421 646 468 inponitur,
686 421 786 455 item
826 420 906 468 igni
948 431 1058 455 sacro
1098 432 1176 455 non
1217 421 1356 455 veteri.

185 489 345 525 naribus
397 489 640 525 subductum
693 493 814 538 caput
866 493 1025 538 purgat.
1081 490 1214 538 capita
1265 494 1361 538 pota

185 564 367 595 ventrem
398 564 439 595 et
469 560 705 608 sanguinem
735 560 894 594 sistunt.
951 571 1105 608 ungues
1135 571 1248 594 rosae
1279 560 1360 608 epi-

184 627 316 678 phoris
351 628 528 664 salubres
562 633 678 670 sunt;
727 627 861 664 ulcera
895 629 1001 664 enim
1035 627 1238 664 oculorum
1273 641 1360 665 rosa

184 698 433 741 sordescunt,
471 703 755 747 praeterquam
793 700 914 734 initiis
954 696 1184 746 epiphorae,
1222 699 1279 734 ita
1317 703 1360 734 ut

140 776 155 801 ‚⁷
185 767 295 804 arida
339 781 429 804 cum
475 780 578 817 pane
625 770 851 816 inponatur.
907 766 1000 803 folia
1046 766 1209 816 quidem
1254 769 1362 804 intus

185 836 379 874 stomachi
393 838 612 874 rosionibus
627 842 668 873 et
685 839 789 873 vitiis
803 836 817 858 1
834 839 984 873 ventris
998 842 1067 873 aut
1081 839 1362 873 intestinorum

186 907 395 944 utilissima
432 913 473 943 et
509 906 762 956 praecordiis,
799 906 860 942 vel
898 906 1022 942 inlita.
1078 907 1166 943 cibo
1203 919 1363 956 quoque

187 976 338 1026 lapathi
379 976 497 1013 modo
537 976 790 1013 condiuntur.
846 975 1046 1013 cavendus
1086 978 1125 1012 in
1165 975 1225 1013 his
1265 978 1364 1013 situs

186 1046 370 1083 celeriter
405 1046 593 1083 insidens.
649 1052 691 1083 et
727 1045 845 1082 aridis
882 1051 953 1082 aut
989 1048 1186 1095 expressis
1223 1045 1364 1095 aliquis

188 1129 292 1152 usus.
348 1116 599 1166 diapasmata
619 1115 712 1152 inde
733 1115 834 1152 fiunt
855 1115 906 1152 ad
926 1114 1090 1152 sudores
1110 1115 1364 1159 coercendos,

187 1188 243 1222 ita
280 1191 325 1222 ut
362 1199 385 1222 a
420 1186 587 1223 balineis
623 1188 851 1222 inarescant
886 1187 1053 1234 corpori,
1090 1185 1183 1222 dein
1220 1184 1365 1235 frigida

188 1250 413 1287 abluantur.
469 1251 658 1287 silvestris
713 1249 860 1300 pilulae
915 1263 1005 1286 cum
1060 1249 1178 1299 adipe
1233 1252 1365 1286 ursino

189 1320 385 1369 alopecias
418 1320 650 1357 emendant.

239 1390 421 1426 LXXIV.
453 1390 541 1426 Lilii
607 1389 760 1426 radices
830 1389 966 1426 multis
1031 1389 1158 1426 modis
1228 1389 1365 1426 florem

187 1473 303 1495 suum
338 1460 566 1503 nobilitant,
601 1465 740 1496 contra
773 1462 1023 1509 serpentium
1057 1461 1158 1495 ictus
1193 1472 1241 1496 ex
1277 1461 1366 1496 vino

190 1535 310 1577 potae
340 1535 381 1566 et
410 1536 549 1566 contra
578 1528 792 1579 fungorum
822 1542 988 1565 venena.
1044 1534 1209 1578 propter
1236 1528 1366 1565 clavos

190 1599 338 1647 pedum
355 1602 394 1635 in
412 1602 502 1636 vino
520 1599 800 1648 decoquuntur
816 1598 1032 1649 triduoque
1050 1612 1129 1636 non
1146 1598 1364 1635 solvuntur.

188 1681 279 1704 cum
308 1669 426 1718 adipe
457 1674 527 1705 aut
556 1668 643 1705 oleo
672 1669 864 1705 decoctae
894 1668 993 1718 pilos
1024 1681 1184 1718 quoque
1214 1668 1366 1705 adustis

191 1738 376 1775 reddunt.
434 1752 455 1775 e
486 1738 612 1775 mulso
643 1744 764 1788 potae
795 1738 978 1774 inutilem
1008 1741 1246 1788 sanguinem
1275 1751 1365 1774 cum

189 1807 276 1844 alvo
310 1808 490 1852 trahunt,
520 1808 695 1858 lienique
730 1814 772 1845 et
804 1810 945 1857 ruptis,
976 1808 1094 1845 vulsis
1128 1813 1294 1858 prosunt
1324 1813 1366 1844 et

233 1877 243 1895 ¹
270 1880 360 1909 vitiis
379 1879 550 1920 Detlossen,
571 1879 672 1919 vulffi:
698 1880 790 1910 intus
806 1878 894 1910 codd.
911 1891 918 1910 ε
943 1879 1040 1910 umis
1055 1879 1186 1910 seclusit
1202 1877 1364 1919 Mayhoff.

291 1960 305 1973 ‘¹
330 1956 389 1988 See
405 1967 437 1997 p.
457 1958 531 1991 261,
550 1960 631 1986 note
646 1956 675 1987 b.
915 1956 927 1975 b
950 1956 1011 1988 See
1027 1966 1060 1997 p.
1081 1956 1130 1993 16,
1147 1955 1268 1997 notes.

621 2003 632 2017 ⁶
655 1998 746 2029 Thai:
762 1999 800 2035 is,
817 1999 910 2040 galla.

192 2056 260 2091 252
