1469 2299
85 589 126 618 85

85 963 125 992 86

88 1443 128 1473 87

354 106 548 145 PLINY:
593 107 853 145 NATURAL
887 106 1120 145 HISTORY

153 221 353 258 quaeque,
392 208 761 258 transfunduntque
801 211 840 245 in
880 222 947 245 vas
987 209 1093 258 quod
1134 212 1323 260 exiguum

153 262 322 311 frigidae
349 262 512 305 habeat,
540 268 581 299 et
607 276 740 299 rursus
766 265 918 298 marina
944 262 1140 300 decocunt
1166 276 1323 313 separa-

151 318 237 358 tim,
258 315 351 352 dein
371 329 438 352 vas
458 319 587 365 ipsum
608 315 739 365 aqual
760 315 1012 365 refrigerant.
1069 322 1110 352 et
1135 330 1224 353 cum
1249 316 1323 353 hoc

150 374 213 405 ter
233 368 379 412 fecere,
399 372 540 405 iuncea
559 375 668 405 crate
688 370 761 406 sub
781 369 847 405 diu
867 372 1017 405 siccant
1035 369 1116 406 sole
1135 370 1321 419 lunaque.

151 421 250 458 haec
265 425 370 458 enim
384 423 597 459 candorem
612 422 722 466 facit,
736 422 791 459 sol
807 425 942 465 siccat,
957 428 999 459 et
1013 435 1063 459 ne
1078 423 1322 472 liquefaciat,

150 481 370 525 protegunt
399 479 511 512 tenui
540 476 675 512 linteo.
731 476 1011 512 candidissima
1038 489 1131 513 vero
1161 476 1206 513 fit
1233 483 1324 526 post

151 529 429 565 insolationem
462 532 682 566 etiamnum
717 535 886 565 recocta.
943 527 1091 565 Punica
1120 530 1323 567 medicinis

153 583 373 619 utilissima.
429 585 617 631 nigrescit
644 596 735 619 cera
762 583 899 619 addito
925 582 1152 619 chartarum
1179 585 1324 626 cinere,

153 638 255 672 sicut
287 635 460 672 anchusa
481 631 672 673 'admixta
703 637 835 679 rubet,
867 638 1074 686 variosque
1106 639 1145 672 in
1176 636 1324 673 colores

152 691 368 738 pigmentis
407 689 579 726 trahitur
616 690 666 726 ad
703 689 929 726 reddendas
967 690 1245 727 similitudines
1283 696 1325 727 et

152 745 380 779 innumeros
416 743 643 779 mortalium
679 756 772 779 usus
807 745 1089 793 parietumque
1125 745 1247 780 etiam
1284 750 1325 780 et

153 809 351 832 armorum
386 797 569 833 tutelam.
624 802 760 833 cetera
793 796 844 833 de
878 796 996 833 melle
1030 797 1252 847 apibusque
1285 799 1324 833 in

152 855 295 885 natura
311 863 447 886 earum
462 851 569 887 dicta
583 856 688 887 sunt.
745 855 787 887 et
801 849 1006 887 hortorum
1022 850 1184 900 quidem
1199 853 1324 887 omnis

153 903 236 939 fere
256 909 419 952 peracta
440 906 540 940 ratio
561 910 633 940 est.

204 957 248 993 L.
279 956 476 993 Secuntur
500 957 648 993 herbae
673 962 816 1005 sponte
841 962 1052 993 nascentes
1076 957 1219 1006 quibus
1244 957 1325 1006 ple—

152 1023 301 1059 raeque
321 1013 502 1060 gentium
525 1016 694 1047 utuntur
712 1013 751 1046 in
771 1011 867 1046 cibis
887 1012 1143 1060 maximeque
1162 1011 1324 1061 Aegyp-

154 1069 232 1106 tus,
260 1063 421 1113 frugum
449 1064 611 1113 quidem
639 1063 895 1107 fertilissima,
923 1063 994 1100 sed
1022 1069 1067 1100 ut
1093 1077 1217 1114 prope
1244 1064 1326 1101 sola

154 1119 199 1152 iis
242 1130 377 1153 carere
422 1121 558 1167 possit.
614 1123 730 1154 tanta
773 1123 834 1154 est
877 1118 1055 1154 ciborum
1100 1130 1149 1154 ex
1193 1117 1325 1154 herbis

156 1171 414 1207 abundantia.
470 1174 509 1207 in
544 1171 660 1207 Italia
690 1173 945 1220 paucissimas
976 1173 1169 1215 novimus,
1200 1170 1326 1220 fraga,

157 1230 351 1267 ramnum,
368 1238 541 1268 ruscum,
558 1226 683 1261 batim
701 1227 908 1268 marinam,
925 1225 1052 1261 batim
1069 1223 1326 1269 hortensiam‚

154 1291 273 1326 quam
286 1279 301 1302 2
314 1278 434 1327 aliqui
448 1291 686 1328 asparagum
701 1278 897 1314 Gallicum
911 1283 1067 1321 vocant,
1081 1283 1242 1327 praeter
1255 1277 1324 1315 has

153 1334 401 1380 pastinacam
440 1338 685 1380 pratensem‚
724 1331 862 1381 lupum
901 1331 1157 1375 salictarium,
1198 1344 1326 1382 eaque

153 1387 282 1421 verius
313 1385 611 1422 oblectamenta
641 1398 761 1435 quam
792 1385 911 1421 cibos.

209 1438 275 1474 LI.
308 1438 353 1474 In
385 1440 576 1489 Aegypto
606 1439 848 1475 nobilissima
879 1444 941 1475 est
971 1438 1176 1482 colocasia,
1207 1451 1326 1488 quam

153 1504 321 1541 cyamon
351 1492 471 1542 aliqui
498 1498 653 1529 vocant.
708 1491 810 1528 hanc
837 1505 858 1528 e
886 1492 974 1529 Nilo
1000 1497 1174 1536 metunt,
1200 1492 1326 1536 caule,

237 1605 249 1623 1
272 1615 361 1645 aqua
377 1605 484 1635 Ianus
500 1619 506 1636 :
535 1610 595 1636 aut
612 1615 737 1645 aquam
757 1605 928 1646 Mayhoff:
957 1609 1142 1645 antequam
1159 1605 1246 1637 codd.

237 1648 249 1666 ²
273 1659 375 1688 quam
398 1649 584 1689 Detlefsen:
620 1659 704 1690 quas
727 1649 890 1689 Maylwfs.

195 1769 209 1783 ⁰
232 1767 304 1801 Ie,
330 1767 410 1806 only
435 1767 494 1797 the
522 1768 540 1779 ‘⁴
557 1767 704 1798 flower.”

195 1806 208 1826 ὁ
231 1810 412 1849 Mayhoffs
436 1811 652 1849 conjecture:
690 1809 783 1841 “the
806 1813 867 1850 pot
888 1809 984 1840 itself
1001 1820 1039 1840 or
1060 1810 1120 1841 the
1141 1809 1284 1842 water.’'

199 1855 209 1869 ⁰
236 1852 328 1882 Book
354 1853 415 1882 XI.
438 1854 521 1891 §811
540 1853 575 1883 ff.

198 1894 211 1912 ‘¹
235 1896 279 1925 (¹11
288 1894 352 1925 uli-s·
372 1895 439 1925 and
462 1896 603 1933 tle-elram,
624 1895 820 1926 sometimes
840 1894 1001 1926 identical
1023 1895 1055 1925 in
1080 1896 1248 1936 meaning,
1270 1905 1327 1926 are

154 1938 230 1967 herc
241 1937 501 1976 distinguished,
512 1948 547 1967 ca
555 1937 618 1968 ulis
629 1938 728 1979 being
740 1948 823 1979 pure
833 1937 924 1969 stalk
935 1938 1003 1968 and
1014 1938 1144 1978 thyrsus
1154 1937 1328 1980 including

153 1986 189 2011 at
208 1980 293 2011 least
312 1990 404 2010 some
423 1981 461 2011 of
475 1981 533 2012 the
551 1980 675 2012 leaves.

152 2052 220 2076 222
