1469 2299
408 92 600 129 PLINY:
645 91 905 130 NATURAL
938 91 1170 128 HISTORY

204 195 307 243 quod
322 200 383 230 est
395 193 532 230 fenum
547 193 756 230 Graecum.
804 195 959 242 aquatis
970 193 983 216 1
997 192 1093 229 odor
1106 207 1183 229 non
1191 193 1373 229 omnino2

202 251 284 283 sine
323 261 414 284 suco
456 253 530 290 est,
562 253 605 283 ut
644 247 783 289 violae,
814 259 939 289 rosae,
965 259 1089 282 croco.
1144 259 1246 295 quae
1285 259 1375 281 vero

203 314 250 336 ex
278 303 433 349 aquatis
458 306 595 336 carent
621 313 727 343 suco,
753 313 889 336 eorum
913 302 1088 336 omnium
1113 299 1209 336 odor
1233 301 1375 348 gravis,

204 360 247 390 ut
275 356 313 390 in
343 355 419 390 lilio
448 356 654 402 utriusque
682 356 851 403 generis.
906 352 1171 389 habrotonum
1200 358 1241 389 et
1269 365 1375 389 ama-

203 421 335 443 racum
356 420 464 443 acres
484 407 634 443 habent
654 407 806 443 odores.
861 406 1109 455 quorundam
1129 405 1198 442 flos
1217 411 1376 442 tantum

203 461 410 503 iucundus,
433 461 607 509 reliquae
627 466 760 508 partes
779 462 960 509 ignavae,
980 465 1025 496 ut
1043 459 1168 495 violae
1188 472 1232 495 ac
1251 471 1374 495 rosae.

137 522 176 549 35
205 513 450 550 hortensium
476 514 750 549 odoratissima
773 526 874 562 quae
897 515 1012 556 sicca,
1035 518 1079 549 ut
1102 518 1204 556 ruta,
1226 518 1376 556 menta,

208 570 340 616 apium
369 573 409 603 et
437 580 538 615 quae
565 570 602 602 in
629 569 738 603 siccis
765 571 988 602 nascantur.
1043 566 1241 615 quaedam
1267 571 1378 602 vetu-

207 627 312 656 state
351 621 588 657 odoratiora.
627 626 670 656 ut
708 626 889 662 cotonea,
928 619 1149 668 eademque
1188 619 1378 668 decerpta

207 687 326 722 quam
351 676 389 709 in
414 676 492 709 suis
518 674 724 709 radicibus.
780 673 977 722 quaedam
1002 686 1079 708 non
1103 675 1174 708 nisi
1199 671 1378 708 defracta

205 733 275 763 aut
301 740 349 762 ex
377 727 528 763 adtritu
554 727 676 769 olent,
703 727 779 762 alia
804 740 882 762 non
909 728 980 762 nisi
1007 726 1190 762 detracto
1217 728 1376 768 cortice,

206 780 403 829 quaedam
431 794 522 816 vero
550 794 626 816 non
654 782 724 815 nisi
753 786 855 822 usta,
882 782 982 815 sicut
1009 785 1100 816 tura
1126 792 1375 828 murraeque.

139 840 178 868 :39
206 833 320 870 flores
354 836 435 869 triti
471 847 608 870 omnes
643 836 854 870 amariores
889 846 1007 882 quam
1041 835 1193 868 intacti.
1249 832 1379 881 aliqua

206 887 316 923 arida
337 887 484 923 diutius
506 887 666 923 odorem
689 889 909 929 continent,
932 892 975 922 ut
996 886 1203 922 melilotos.
1259 899 1379 935 quae-

205 940 297 977 dam
323 940 450 976 ]ocum
477 943 604 989 ipsum
630 940 896 976 odoratiorem
921 939 1086 981 faciunt,
1112 945 1157 975 ut
1181 941 1259 977 iris.
1285 941 1379 988 quin

206 999 247 1030 et
283 995 463 1030 arborem
499 1000 641 1036 totam,
676 996 958 1042 cuiuscumque
994 993 1146 1029 radices
1181 992 1377 1042 adtinget.

206 1046 380 1096 hesperis
420 1053 539 1083 noctu
578 1049 703 1096 magis
742 1047 838 1089 olet,
876 1046 968 1082 inde
1007 1048 1164 1083 nomine
1203 1048 1377 1082 invento.

206 1101 433 1136 animalium
470 1100 618 1136 nullum
654 1100 878 1143 odoratum,
915 1102 986 1136 nisi
1022 1102 1052 1136 si
1088 1099 1138 1136 de
1174 1098 1379 1148 pantheris

206 1154 310 1203 quod
334 1154 484 1190 dictum
509 1160 569 1190 est
592 1154 801 1190 credimus.

139 1215 180 1241 40
260 1207 368 1243 XIX.
401 1207 469 1243 Illa
502 1220 660 1256 quoque
690 1220 767 1243 non
799 1206 1023 1243 omittenda
1052 1205 1275 1242 differentia
1306 1211 1380 1249 est,

208 1266 249 1296 et
270 1261 523 1297 odoratorum
547 1261 672 1297 multa
694 1260 787 1296 nihil
811 1261 991 1297 adtinere
1013 1259 1063 1296 ad
1084 1265 1380 1302 coronamenta,

208 1320 251 1349 ut
295 1317 380 1350 irim
425 1320 547 1363 atque
591 1314 820 1357 saliuncam,
864 1326 1105 1363 quamquam
1151 1313 1377 1349 nobilissimi

206 1367 334 1403 odoris
364 1373 588 1417 utramque.
643 1367 713 1404 sed
741 1370 806 1403 iris
834 1367 966 1404 radice
994 1372 1153 1403 tantum
1181 1379 1380 1403 commen-

258 1473 270 1491 1
293 1473 428 1512 aquatis
446 1472 570 1503 Ianum
588 1477 716 1503 secutus
734 1472 907 1512 Mayhoff:
938 1475 1086 1512 aquatus
1103 1470 1190 1503 codd.

254 1514 266 1533 ²
291 1517 430 1547 omnino
450 1516 624 1556 Mayhoff:
656 1517 810 1546 omnium
828 1516 917 1546 codd.
935 1527 941 1546 :
968 1515 1108 1556 sorta-sse
1127 1515 1265 1545 omnino
1284 1525 1364 1546 non.

251 1625 265 1639 ⁰
288 1621 472 1661 Mayhoff's
495 1626 571 1651 text
595 1631 704 1651 seems
727 1624 765 1651 to
790 1630 885 1651 come
910 1623 1044 1650 nearest
1068 1623 1104 1650 to
1129 1619 1188 1650 the
1214 1619 1323 1650 words
1347 1618 1385 1649 of

204 1664 472 1704 Theophrastus,
500 1663 573 1694 who
599 1664 714 1693 insists
739 1663 818 1693 that
844 1662 998 1703 perfume
1023 1672 1135 1693 comes
1159 1662 1246 1693 from
1273 1661 1380 1702 χ,υλός

208 1707 268 1736 but
292 1708 318 1736 is
343 1706 494 1737 lessened
515 1706 558 1746 by
582 1705 619 1736 τὸ
644 1705 756 1745 ὑδαρές
780 1704 980 1744 (ὑδατῶδες).
1027 1705 1077 1736 Cf.
1101 1705 1138 1736 de
1157 1705 1267 1735 causis
1286 1704 1380 1745 plan-

204 1753 324 1781 tarum.
348 1749 406 1779 VI.
436 1750 485 1786 14,
509 1750 547 1779 2ε
577 1748 718 1788 φανερὸν
742 1747 786 1781 ὡς
810 1747 873 1779 ἀπὸ
896 1748 994 1788 χυλοῦ
1016 1760 1085 1781 πως
1107 1747 1229 1787 γίνεται
1246 1747 1298 1778 καὶ
1322 1746 1381 1778 οὐκ

206 1793 292 1823 ἔστιν
310 1791 536 1831 ἀπηρτημένον
559 1791 596 1822 τὸ
615 1794 672 1831 τῆς
688 1790 801 1830 ὀσμῆς.
847 1790 907 1821 ὅσα
929 1790 991 1830 γὰρ
1008 1790 1108 1830 ὑδαρῆ
1126 1803 1178 1821 και
1196 1790 1304 1830 ἄχυμα
1327 1803 1380 1821 και

206 1835 310 1874 ἅοσμα
327 1835 369 1867 ὡς
395 1834 444 1865 ἐπι
470 1846 542 1865 παν
568 1833 602 1864 ἐν
619 1833 687 1864 δυσι
704 1833 770 1873 γὰρ
787 1833 912 1864 τούτοιν
929 1832 973 1866 ὡς
989 1831 1089 1864 εἰπεῖν
1105 1832 1124 1872 ἡ
1142 1832 1260 1872 ἀοσμία
1282 1835 1330 1873 τῷ
1346 1845 1380 1863 τε

206 1878 261 1909 τὸν
277 1877 374 1917 χυλὸν
392 1877 492 1917 ὑδαρῆ
510 1876 570 1907 τιν’
588 1877 672 1916 ἔχειν
689 1876 779 1915 φύσει
797 1889 849 1906 και
868 1875 905 1906 τὸ
921 1875 1002 1906 πολὺ
1018 1875 1055 1907 τὸ
1074 1875 1244 1910 ὑδατῶδες.

253 1919 265 1938 '⁷
287 1920 543 1959 Theophrastus
575 1920 626 1958 (de
655 1919 777 1955 causis,
809 1918 868 1949 VI.
902 1920 953 1955 17,
985 1920 1018 1959 7)
1048 1929 1128 1959 says
1157 1918 1226 1949 this
1257 1917 1295 1948 of
1322 1917 1380 1949 the

206 1963 355 1993 rainbow
383 1961 479 2000 (ἶρις).

140 2024 208 2059 188
