1469 2299
147 366 188 397 29

148 817 189 848 30

149 1266 186 1297 31

419 130 613 168 PLINY:
659 131 920 168 NATURAL
954 129 1188 168 HISTORY

213 233 334 270 oculis
376 236 459 270 ictu
500 235 733 277 cruentatis,
774 231 1104 283 haemorrhagiae
1147 245 1306 282 quoque
1349 238 1392 269 et

213 297 458 348 dysinteriae
481 296 623 334 infusa.

265 361 372 398 XIV.
403 360 662 411 Hippophaes
676 363 716 397 in
729 360 920 398 sabulosis
936 360 1255 410 maritimisque,¹
1270 363 1390 410 spinis

214 425 325 469 albis,
344 424 519 462 hederae
539 425 657 462 modo
677 438 879 462 racemosa
899 431 973 468 est,
993 424 1185 468 candidis,
1207 437 1256 461 ex
1276 430 1391 474 parte

214 491 450 526 rubentibus
473 492 605 526 acinis.
660 486 773 526 radix
796 502 889 526 suco
911 489 1051 525 madet
1073 491 1140 538 qui
1164 494 1234 525 aut
1257 502 1328 538 per
1349 501 1391 525 se

213 554 397 591 conditur
429 560 499 591 aut
531 553 696 603 pastillis
729 552 880 590 farinae
914 555 1006 590 ervi.
1061 553 1182 589 bilem
1215 552 1392 590 detrahit

214 618 329 655 obolo
355 618 573 668 ponderis,²
592 618 851 654 saluberrime
871 631 960 654 cum
985 616 1124 654 mulso.
1181 623 1243 654 est
1267 617 1392 653 altera

215 681 460 732 hippophaes
491 685 574 719 sine
604 682 731 726 caule,
757 684 841 718 sine
867 681 978 725 flore,
1005 680 1105 717 foliis
1132 687 1292 718 tantum
1322 683 1392 717 mi-

214 749 333 783 nutis.
387 745 503 783 huius
527 759 685 796 quoque
709 759 824 782 sucus
846 745 1071 796 hydropicis
1095 748 1192 782 mire
1216 745 1391 795 prodest.

215 811 368 848 debent
405 810 736 848 adcommodatae
776 823 861 847 esse
901 815 943 846 et
981 823 1173 859 equorum
1212 816 1393 853 naturae,

214 888 346 925 neque
367 888 415 912 ex
437 875 513 911 alia
533 888 651 912 causa
671 887 816 911 nomen
838 876 1048 924 accepisse.
1104 877 1252 924 quippe
1273 887 1393 923 quae·

215 939 307 976 dam
334 940 563 976 animalium
589 939 774 975 remediis
801 944 1019 975 nascuntur
1043 938 1230 988 locupleti
1256 938 1393 975 divini-

216 1010 302 1040 tate
328 1004 377 1040 ad
403 1004 635 1054 generanda
660 1003 871 1053 praesidia,
895 1009 940 1039 ut
965 1016 1043 1039 non
1069 1005 1119 1039 sit
1145 1006 1273 1039 mirari
1298 1005 1393 1039 satis

216 1070 422 1119 ingenium
439 1071 522 1105 eius
536 1068 785 1117 disponentis
800 1067 946 1104 auxilia
960 1069 999 1103 in
1013 1080 1176 1117 genera,
1190 1069 1229 1102 in
1242 1080 1394 1111 causas,

216 1135 256 1169 in
279 1138 477 1182 tempora,
498 1138 543 1169 ut
566 1132 650 1169 aliis
675 1134 799 1182 prosit
820 1131 927 1168 aliud
950 1130 1054 1168 horis
1079 1131 1244 1181 diesque
1266 1130 1394 1168 nullus

216 1210 340 1247 prope
365 1200 449 1233 sine
473 1197 680 1246 praesidiis
705 1199 942 1246 reperiatur.

266 1260 350 1298 XV.
388 1261 526 1298 Urtica
568 1260 662 1310 quid
704 1273 789 1297 esse
830 1262 989 1296 inxisius
1031 1260 1192 1310 potest?
1247 1265 1290 1296 at
1329 1259 1395 1296 illa

216 1331 376 1375 praeter
399 1325 531 1362 oleum
556 1325 661 1375 quod
690 1327 729 1361 in
754 1326 944 1375 Aegypto
970 1337 1019 1360 ex
1045 1337 1092 1361 ea
1117 1324 1199 1360 fieri
1224 1323 1394 1361 diximus

216 1389 277 1426 vel
313 1389 490 1439 plurimis
527 1395 657 1426 scatet
693 1389 889 1426 remediis.
944 1401 1081 1425 semen
1119 1390 1202 1425 eius
1238 1390 1394 1425 cicutae

217 1457 458 1491 contrarium
489 1467 575 1490 esse
606 1453 805 1490 Nicander
835 1453 1033 1497 adfirmat,
1064 1456 1161 1489 item
1191 1451 1324 1503 fungis
1354 1458 1396 1490 et

217 1524 384 1568 argento
412 1521 513 1562 vivo,
543 1518 806 1568 Apollodorus
835 1523 876 1554 et
904 1517 1163 1554 salamandris
1192 1529 1283 1553 cum
1310 1519 1395 1554 iure

218 1589 355 1619 coctae
380 1583 608 1626 testudinis,
635 1585 731 1619 item
758 1581 957 1618 adversari
982 1581 1223 1632 hyoscyamo
1250 1587 1292 1618 et
1316 1594 1395 1618 ser-

218 1648 405 1696 pentibus
435 1652 477 1684 et
504 1647 786 1697 scorpionibus.
842 1648 936 1696 quin
965 1648 1050 1695 ipsa
1077 1645 1143 1682 illa
1171 1645 1394 1682 amaritudo

218 1711 382 1748 mordax
419 1725 513 1748 uvas
547 1714 586 1748 in
622 1724 689 1748 ore
724 1710 1057 1760 procidentesque
1093 1709 1226 1746 vulvas
1263 1715 1305 1746 et
1338 1712 1395 1746 in-

268 1798 279 1816 ¹
302 1798 553 1837 maritimisque
570 1797 733 1837 Delles-sen
748 1809 755 1828 z
780 1797 962 1828 maritimis
977 1795 1065 1827 codd.
1080 1795 1339 1836 (simaritudinis
1352 1796 1396 1833 R)

227 1841 383 1881 Mayhofs
393 1853 399 1872 :
424 1840 673 1880 maritimisque
690 1840 854 1877 nascitur,
872 1839 958 1880 vulq.

269 1884 280 1902 ²
304 1883 404 1914 obolo
423 1884 582 1924 ponderis
600 1883 690 1914 codd.
707 1895 713 1914 :
745 1882 835 1913 oboli
855 1882 1005 1923 pondere
1024 1881 1188 1922 Mayhoff.

356 1973 369 1987 ‘¹
392 1969 454 2000 See
473 1969 547 2000 XV.
566 1969 647 2008 530.
679 2006 697 2023 ε
726 2010 844 2042 Turtle
866 1967 1177 2051 frfflexipharmaca
1193 1968 1265 1999 201.

219 2077 289 2113 314
