1469 2299
70 302 128 332 117

73 943 132 974 118

362 88 555 126 PLINY:
600 89 860 127 NATURAL
893 90 1127 128 HISTORY

155 195 198 226 et
220 190 372 226 alarum
395 192 499 227 vitiis
521 190 925 241 perfrictionibusque
947 205 1038 229 cum
1060 192 1148 229 oleo
1170 192 1327 230 inlitum

155 257 233 279 non
260 244 380 280 dubie
407 244 571 280 mederi.

208 297 330 333 LXX.
362 297 537 347 Cyperos
556 300 695 334 iuncus
715 303 790 341 est,
810 298 982 347 qualiter
1001 298 1186 343 diximus,
1205 313 1328 349 angu-

156 349 274 393 losus,
328 353 442 387 iuxta
494 356 644 387 terram
698 351 904 395 candidus,
957 355 1162 388 cacumine
1216 356 1328 403 niger

156 406 408 454 pinguisque.
464 403 557 440 folia
590 407 669 440 ima
702 408 899 454 porraceis
934 405 1110 449 exiliora,
1142 408 1183 442 in
1216 419 1327 442 cacu-

155 460 264 494 mine
294 460 463 501 minuta,
493 460 599 494 inter
629 471 733 508 quae
762 471 900 495 semen
932 465 1004 495 est.
1059 459 1171 496 radix
1202 459 1328 496 olivae

155 513 295 560 nigrae
333 511 482 554 similis,
520 525 655 561 quam,
691 524 782 548 cum
818 512 991 562 oblonga
1028 518 1103 556 est,
1140 513 1329 563 cyperida

157 570 315 608 vocant,
336 566 471 614 magni
491 567 531 601 in
552 565 749 601 medicina
770 578 875 602 usus.
930 566 1015 602 laus
1036 579 1182 616 cypero
1203 569 1329 615 prima

158 617 460 662 Hammoniaco,
513 618 690 655 secunda
742 618 910 662 Rhodio,
962 622 1083 656 tertia
1134 619 1328 663 Theraeo,

155 674 368 707 novissima
389 672 608 722 Aegyptio,
625 671 732 722 quod
747 673 762 696 1
782 678 824 709 et
840 671 1048 709 confundit
1064 673 1328 716 intellectum,

155 728 343 774 quoniam
398 731 440 761 et
493 728 648 775 cypiros
701 726 754 762 ibi
808 728 996 762 nascitur.
1051 726 1121 763 sed
1174 729 1328 777 cypiros

154 778 287 815 radice
303 779 317 802 2
337 778 547 815 durissima
573 781 719 828 vixque
746 781 912 828 spirans,
941 780 1126 829 cyperis³
1158 780 1256 816 odor
1288 785 1330 817 et

156 834 250 881 ipsis
281 832 449 868 nardum
478 835 651 869 imitans.
708 838 769 869 est
797 838 840 869 et
868 846 940 882 per
968 846 1010 869 se
1042 833 1177 869 Indica
1206 832 1331 870 herba

156 898 260 934 quae
297 888 433 936 cypira
470 892 648 929 vocatur,
685 887 896 936 zingiberis
933 887 1076 935 effigie.
1131 899 1330 923 comman-

158 939 305 975 ducata
339 942 440 976 croci
475 942 554 976 vim
588 939 733 976 reddit.
788 952 935 990 cypero
969 942 1025 976 vis
1059 942 1100 976 in
1133 940 1330 977 medicina

156 992 320 1041 psilotri.
376 993 555 1029 inlinitur
577 995 771 1043 pterygiis
795 993 1072 1043 ulceribusque
1094 993 1330 1043 genitalium

157 1052 200 1082 et
221 1058 325 1095 quae
347 1049 386 1082 in
409 1059 545 1083 umore
567 1052 660 1082 sunt
681 1047 879 1090 omnibus,
899 1049 1002 1083 sicut
1022 1049 1098 1083 oris
1119 1047 1328 1084 ulceribus.

157 1099 269 1136 radix
290 1099 479 1136 adversus
499 1102 746 1149 serpentium
766 1102 867 1137 ictus
888 1105 930 1136 et
948 1102 1198 1150 scorpionum
1218 1113 1331 1150 prae-

156 1155 280 1189 sentis
321 1153 487 1190 remedii
528 1159 601 1190 est.
656 1153 792 1190 vulvas
831 1155 962 1203 aperit
1001 1159 1119 1203 pota3
1173 1154 1330 1204 largiori

157 1212 273 1243 tanta
299 1209 356 1243 vis
383 1212 428 1243 ut
455 1207 632 1256 expellat
659 1220 738 1243 eas.
793 1209 948 1243 urinam
974 1209 1054 1244 ciet
1080 1213 1122 1244 et
1147 1207 1330 1251 calculos,

156 1260 207 1296 ob
240 1260 280 1297 id
313 1260 522 1297 utilissima
554 1259 792 1311 hydropicis.
848 1261 1026 1297 inlinitur
1059 1266 1101 1298 et
1134 1261 1330 1298 ulceribus

157 1326 261 1363 quae
289 1320 470 1364 serpunt,
498 1314 569 1351 sed
596 1313 656 1351 his
684 1316 900 1364 praecipua
927 1327 1031 1364 quae
1058 1316 1098 1351 in
1126 1313 1331 1351 stomacho

157 1373 266 1411 sunt,
292 1380 314 1404 e
338 1370 429 1404 vino
454 1368 516 1404 vel
541 1373 657 1405 aceto
681 1368 807 1405 inlita.

198 1463 210 1482 ¹
235 1463 327 1504 quod
342 1464 506 1505 Detlefsen
526 1463 549 1494 d
568 1468 717 1496 secutus:
752 1473 840 1505 quae
857 1464 938 1505 ναῖς.
955 1476 962 1496 ι
997 1464 1055 1505 qui
1071 1463 1241 1505 Mayhoff:
1268 1474 1332 1505 que

153 1511 302 1546 quattuor
317 1506 405 1538 codd.

204 1549 216 1567 ²
238 1549 352 1580 radice
370 1549 445 1580 add.
468 1549 631 1590 Mayhoff.

204 1591 217 1610 ⁸
240 1593 372 1633 cyperis
390 1592 430 1623 M
433 1591 546 1632 ayhoff
559 1604 565 1623 :
596 1592 717 1623 ceteris
733 1602 808 1623 cum
824 1591 915 1624 codd.
937 1590 1110 1632 Detlessen.

203 1709 217 1724 ‘¹
240 1704 415 1745 Perfrictio
431 1715 495 1736 can
513 1705 584 1736 also
602 1715 702 1736 mean
719 1715 740 1736 a
757 1715 873 1736 severe
891 1705 966 1736 cold
985 1715 1022 1736 or
1039 1704 1130 1736 chill.

202 1745 215 1766 ⁶
238 1747 348 1779 Sweet
362 1748 454 1779 rush.
570 1753 582 1768 ⁶
604 1748 666 1780 See
687 1749 701 1787 ξ
719 1749 790 1780 115.
903 1748 917 1767 ‘¹
941 1748 1002 1780 See
1021 1751 1103 1779 note
1121 1757 1165 1779 on
1185 1749 1200 1787 §
1216 1749 1288 1779 116.

203 1795 214 1809 ²
236 1791 307 1822 The
321 1790 462 1832 reading
477 1790 517 1822 of
533 1791 592 1822 the
607 1791 715 1827 MSS„
730 1790 841 1822 which
856 1790 1032 1822 Detlefsen
1052 1790 1194 1827 follows,
1215 1790 1332 1822 makes

159 1834 290 1874 cypiros
301 1833 474 1870 feminine,
487 1833 653 1875 although
669 1834 697 1864 it
708 1834 736 1864 is
749 1833 935 1865 masculine
947 1834 981 1864 in
995 1835 1008 1872 ἓ
1025 1834 1087 1865 115
1099 1845 1106 1864 :
1125 1834 1145 1846 ‘⁴
1157 1833 1332 1882 Egyptian

159 1876 530 1950 {ypmffissssssssss‘ss
542 1876 1333 1951 ἓὲἷέιῗθέῗέθῗᾱῖἓζὲῖἑῗιέἒωῗιῖἓῗθξὲῗὲῖὲῗῗ

160 1928 247 1993 Βῖζθ
259 1960 319 1992 the
354 1960 706 2002 misunderstandings
742 1930 889 1993 rgi'erred
925 1965 962 1992 to
997 1929 1032 1992 ign
1062 1961 1121 1992 the
1151 1942 1332 2002 preceding

156 2023 225 2067 246
