1469 2299
404 152 599 189 PLINY:
645 153 908 190 NATURAL
942 152 1177 190 HISTORY

204 254 418 303 alvumque
460 254 740 291 cohibentibus
782 257 892 291 sitire
940 257 980 291 in
1023 254 1211 298 edendo,
1236 259 1376 304 postea

202 321 344 357 parum
362 308 513 344 bibere.
562 310 697 344 vinum
715 310 869 345 ieiunos
886 309 1025 344 bibere
1044 310 1197 344 novicio
1215 310 1379 344 invento

204 362 500 397 inutilissimum
540 367 602 397 est
631 362 820 398 curiosisl
863 364 1122 411 vigoremque
1164 363 1285 397 animi
1329 360 1378 397 ad

206 417 454 463 procinctum
471 415 749 458 tendentibus,
766 428 905 451 somno
921 427 1015 451 vero
1033 428 1077 450 ac
1094 415 1378 451 securitatibus

204 468 438 504 iamdudum
459 467 533 504 hoc
554 468 631 504 fuit
653 468 760 517 quod
782 468 997 504 Homerica
1016 468 1083 504 illa
1105 468 1263 504 Helena
1284 473 1378 504 ante

204 522 337 557 cibum
357 524 611 558 ministravit.
668 525 721 558 sic
742 535 903 571 quoque
923 524 963 558 in
984 522 1239 571 proverbium
1259 523 1379 557 cessit

135 580 176 609 42
205 577 446 624 sapientiam
480 578 570 611 vino
603 575 844 611 obumbrari.
901 578 992 611 vino
1023 575 1164 611 demus
1197 574 1376 611 homines

206 628 312 677 quod
338 628 408 664 soli
436 629 665 665 animalium
692 642 770 665 non
796 631 981 665 sitientes
1006 629 1192 665 bibimus.
1248 641 1376 677 aquae

206 688 346 731 potum
398 685 655 731 interponere
707 683 976 725 utilissimum,
1028 685 1208 730 itemque
1259 684 1340 731 iugi
1359 680 1374 703 ²

205 736 478 784 superbibere.
536 736 778 772 ebrietatem
827 735 990 785 quidem
1039 735 1208 785 frigidae
1256 741 1378 784 potus

135 794 175 824 43
206 789 411 838 extemplo
433 789 609 825 discutit.
665 792 833 825 meracis
863 790 1091 838 potionibus
1121 801 1192 837 per
1217 801 1267 826 xx
1292 788 1378 824 dies

206 848 301 878 ante
317 845 424 878 canis
439 848 571 878 ortum
588 842 841 892 totidemque
858 848 1000 891 postea
1015 842 1161 878 suadet
1178 841 1377 878 Hesiodus

206 899 277 932 uti.
334 908 489 932 merum
526 896 689 945 quidem
726 896 904 932 remedio
941 901 1002 932 est
1038 902 1177 932 contra
1213 898 1377 938 cicutas,

205 949 472 992 coriandrum,
501 952 673 992 aconita,
701 952 866 992 viscum,
894 952 1136 992 meconium,
1165 954 1377 998 argentum

207 1005 353 1045 vivum,
399 1016 508 1052 apes,
554 1016 709 1052 vespas,
754 1004 981 1047 crabrones,
1026 1002 1256 1052 phalangia,
1301 1015 1380 1038 ser—

206 1059 387 1105 pentium
408 1059 742 1105 scorpionumque
762 1059 864 1093 ictus
883 1062 1104 1105 contraque
1124 1058 1258 1092 omnia
1277 1068 1381 1104 quae

205 1109 480 1159 refrigerando
498 1116 659 1153 nocent,
678 1112 865 1159 privatim
883 1115 1022 1146 contra
1041 1109 1382 1151 haemorrhoidas,

205 1169 421 1212 presteras,
437 1163 595 1213 fungos,
610 1166 709 1199 item
725 1169 864 1200 contra
879 1162 1106 1199 inflationes
1122 1165 1381 1211 rosionesque

205 1217 527 1265 praecordiorum
559 1223 602 1253 et
627 1230 796 1266 quorum
826 1216 1055 1253 stomachus
1080 1219 1120 1252 in
1142 1219 1380 1252 vomitiones

206 1269 438 1313 effunditur,
459 1277 500 1306 et
519 1273 549 1306 si
570 1276 712 1307 venter
730 1276 801 1307 aut
819 1273 1029 1306 interanea
1048 1269 1381 1306 rheumatismum

205 1326 397 1367 sentiant,
425 1324 692 1374 dysintericis,
720 1324 976 1360 sudatoribus
1005 1337 1026 1360 e
1054 1323 1173 1373 longa
1200 1325 1314 1367 tussi,
1341 1326 1381 1359 in

136 1382 177 1411 44
207 1377 407 1426 epiphoris
452 1390 670 1414 meracum.
725 1377 916 1414 cardiacis
960 1380 1001 1413 in
1045 1390 1223 1413 mamma
1266 1377 1380 1412 laeva

205 1443 359 1466 merum
383 1433 423 1467 in
446 1444 625 1480 spongea
647 1433 783 1480 inponi
807 1431 985 1480 prodest,
1010 1430 1060 1467 ad
1083 1433 1216 1467 omnia
1240 1436 1378 1466 autem

205 1487 380 1520 maxime
412 1484 546 1520 album
589 1488 899 1521 inveterascens.
966 1484 1120 1520 utiliter
1151 1490 1193 1520 et
1223 1483 1383 1520 fovetur

205 1540 295 1574 vino
320 1538 448 1574 calido
473 1538 652 1581 virilitas,
677 1541 867 1575 iumentis
892 1536 1067 1574 infusum
1092 1550 1214 1574 cornu
1240 1537 1382 1574 lassiti-

368 1648 379 1666 ¹
403 1649 541 1678 curiosis
560 1648 715 1688 Maylzoff
727 1660 733 1678 :
765 1648 852 1679 curis
868 1652 925 1679 aut
942 1658 1019 1678 cum
1037 1648 1105 1678 suis
1120 1647 1210 1679 codd.

366 1690 378 1708 ²
404 1692 470 1731 iugi
487 1691 577 1722 codd.
594 1703 602 1722 ι
632 1692 717 1732 iugis
734 1691 818 1722 coni.
837 1691 999 1731 Mayhoff.

246 1814 260 1828 ‘¹
284 1809 426 1849 Odys-*ey
443 1809 502 1841 IV.
521 1810 593 1841 220.

248 1852 260 1871 ⁶
292 1852 400 1884 ll⁷orls.>·
416 1853 482 1882 and
501 1853 602 1891 Duys,
620 1853 780 1885 590-596.

252 1901 263 1915 ⁶
288 1896 457 1926 Merucum
482 1906 589 1926 seems
614 1899 651 1927 to
675 1905 774 1927 mean
798 1894 937 1936 slightly
962 1894 1093 1927 diluted
1119 1895 1221 1932 wine:
1259 1905 1382 1926 merum

205 1938 395 1978 absolutely
412 1941 492 1968 neat
510 1940 604 1970 wine.

247 1981 261 2000 ‘¹
285 1982 350 2012 For
367 1981 425 2012 the
443 1981 574 2012 cardiac
592 1981 721 2012 disease
739 1991 794 2012 see
817 1981 931 2012 Celsus
953 1981 1019 2013 III.
1041 1982 1090 2012 19.
1138 1980 1338 2012 Sometimes
1355 1981 1382 2011 it

206 2034 320 2054 means
344 2024 555 2059 beart-burn,
580 2023 642 2055 but
666 2025 779 2055 Celsus
804 2023 884 2055 calls
908 2034 971 2055 one
995 2023 1078 2055 kind
1102 2022 1140 2055 of
1161 2024 1188 2054 it
1211 2034 1231 2054 a
1254 2024 1382 2054 serious

201 2097 270 2130 442
