1469 2299
109 234 169 263 237

112 661 172 690 238

114 1192 174 1221 ἓξὲξ]

115 1511 175 1542 240

402 70 597 109 PLINY:
641 72 902 110 NATURAL
935 71 1168 110 HISTORY

197 176 343 211 tuitam
379 180 542 211 tenetur
578 176 619 210 in
655 187 736 217 ore,
773 173 900 210 donec
936 173 1143 223 liquescat,
1180 180 1249 211 aut
1285 188 1373 225 gar-

197 230 397 277 garizatur
437 241 527 264 cum
569 240 673 276 aqua
712 227 850 263 mulsa.
906 227 956 263 ad
997 227 1178 264 dentium
1219 227 1372 265 dolores

197 281 412 324 manditur,
434 281 484 317 ad
505 294 622 317 uvam
642 283 914 330 gargarizatur
934 294 1023 316 cum
1045 287 1158 317 aceto
1180 287 1220 317 et
1240 281 1372 325 melle,

198 333 402 371 stomacho
420 334 672 370 utilissimum
691 340 827 370 contra
846 336 977 370 omnia
995 336 1104 378 vitia,
1121 334 1373 383 pulmonibus

199 390 472 424 excreationes
502 387 635 423 faciles
665 386 760 423 facit
790 389 829 422 in
859 387 945 423 cibo
975 393 1192 436 sumptum,
1223 394 1263 424 et
1293 401 1373 424 sus-

199 443 350 490 piriosis
379 441 511 484 datur,
541 443 638 477 item
668 439 930 477 comitialibus
958 440 1130 477 taediisl
1161 454 1251 477 cum
1281 454 1373 477 suco

198 507 465 530 cucumerum.
520 507 657 530 sensus
706 499 828 542 atque
877 497 1205 530 sternutamentis
1253 500 1374 543 caput

198 553 357 597 purgat,
385 547 514 583 alvum
542 547 681 589 mollit,
708 552 911 583 menstrua
940 553 979 583 et
1007 549 1159 583 urinam
1186 549 1277 584 ciet.
1333 553 1374 584 et

197 600 421 651 hydropicis
441 603 642 648 inponitur
661 613 750 636 cum
771 600 843 636 fico
863 606 903 636 et
923 603 1079 636 cumino
1099 606 1231 637 tusum
1252 603 1374 637 ternis

200 655 390 703 partibus.
445 653 631 689 comitiali
653 654 789 689 morbo
809 659 877 689 aut
898 653 1101 689 vulvarum
1121 656 1374 690 conversione

199 707 408 743 suffocatas
443 709 592 742 excitat
626 706 746 743 odore
780 712 894 742 aceto
926 709 1066 749 mixto,
1099 709 1197 743 item
1230 706 1374 743 lethar-

199 763 328 810 gicos3
371 760 538 796 adicitur
566 759 863 809 tordylon—est
895 766 1031 796 autem
1058 759 1132 796 hoc
1160 773 1296 796 semen
1325 773 1373 797 ex

199 813 408 849 seseli—et
431 816 461 849 si
485 812 760 849 vehementior
782 812 984 862 lethargus
1007 820 1177 862 premat,
1199 814 1374 850 cruribus

200 873 268 903 aut
291 869 410 903 etiam
432 869 551 915 capiti
573 866 749 902 inlinitur
767 880 857 902 cum
877 866 949 902 fico
969 880 1018 902 ex
1039 873 1164 903 aceto.
1219 873 1375 903 veteres

200 920 353 956 dolores
379 919 563 963 thoracis,
590 920 825 963 lumborum,
851 920 1124 963 coxendicum,
1150 933 1375 956 umerorum

201 979 241 1009 et
269 976 306 1009 in
332 986 583 1022 quacumque
608 979 723 1022 parte
749 987 796 1009 ex
824 973 904 1009 alto
929 976 1099 1022 corporis
1125 976 1219 1009 vitia
1246 980 1376 1010 extra-

200 1026 330 1062 henda
369 1028 488 1062 sunt2
527 1026 682 1062 inlitum
724 1029 897 1062 caustica
934 1029 971 1062 vi
1001 1026 1188 1062 emendat
1217 1027 1376 1076 pusulas

201 1079 395 1123 faciendo,
415 1086 456 1116 at
476 1082 516 1115 in
534 1093 681 1129 magna
699 1080 845 1116 duritia
864 1082 948 1116 sine
968 1080 1040 1116 fico
1059 1082 1273 1129 inpositum
1293 1086 1376 1124 aut,

201 1136 230 1169 si
257 1132 532 1169 vehementior
556 1136 660 1170 ustio
686 1135 889 1176 timeatur,
915 1146 986 1182 per
1011 1133 1186 1182 duplices
1212 1146 1374 1183 pannos.

202 1193 369 1223 utuntur
394 1199 440 1222 eo
464 1186 514 1223 ad
538 1186 733 1235 alopecias
758 1200 846 1223 cum
871 1187 1038 1229 rubrica,
1062 1200 1210 1236 psoras,
1234 1186 1376 1236 lepras,

202 1239 453 1289 phthiriases,
516 1242 725 1284 tetanicos,
778 1239 1099 1289 opisthotonicos.
1180 1242 1376 1290 inungunt

203 1306 361 1342 quoque
399 1293 555 1330 scabras
594 1307 716 1343 genas
756 1299 824 1329 aut
863 1293 1080 1343 caligantes
1119 1293 1249 1330 oculos
1287 1306 1377 1330 cum

203 1346 334 1390 melle,
367 1359 563 1396 sucusque
596 1347 722 1383 tribus
755 1346 881 1383 modis
916 1349 1150 1395 exprimitur
1182 1349 1222 1382 in
1255 1347 1377 1390 fictili,

201 1400 443 1450 calescitque
474 1402 513 1436 in
545 1413 591 1436 eo
621 1400 702 1436 sole
727 1400 894 1436 modice.
950 1403 1033 1436 exit
1064 1406 1105 1436 et
1136 1413 1157 1436 e
1186 1400 1377 1437 cauliculo

201 1466 314 1490 sucus
341 1453 507 1496 lacteus,
534 1456 602 1502 qui
621 1456 678 1490 ita
691 1453 706 1476 ³
727 1467 816 1490 cum
844 1453 1033 1496 induruit,
1053 1453 1235 1490 dentium
1255 1453 1377 1490 dolori

200 1507 397 1543 medetur.
453 1520 590 1543 semen
620 1520 665 1543 ac
694 1507 821 1550 radiX‚
851 1520 940 1543 cum
970 1507 1202 1543 inmaduere
1232 1513 1377 1550 musto,

248 1588 260 1606 ¹
282 1587 406 1618 taediis
426 1587 631 1618 (r'ronmn'u-s:
663 1592 716 1618 ter
734 1587 788 1618 die
809 1588 966 1628 Mayhoff
977 1600 983 1618 :
1016 1588 1104 1618 tedis
1123 1587 1212 1619 codd.

249 1630 262 1649 ²
284 1635 365 1661 sunt
383 1631 472 1661 codd.
492 1636 519 1661 et
538 1630 725 1670 Dellefsen:
756 1631 826 1661 sint
844 1631 1008 1671 Mayhoff.

248 1673 260 1691 ³
285 1674 342 1713 qui
369 1674 419 1703 ita
445 1673 631 1714 Dellessen:
671 1674 743 1704 eius
768 1677 870 1714 gutta
896 1673 1072 1713 ,llaylwffz
1111 1673 1266 1704 lactucae
1292 1674 1376 1705 vice.

205 1715 254 1745 ita
272 1716 322 1747 Ιο.
341 1716 488 1747 Μᾶῖὶενε
520 1717 614 1746 eiuce
632 1716 667 1746 ui
685 1717 734 1746 ita
752 1721 809 1746 (λιιι
828 1717 859 1746 ei
876 1717 972 1746 uetui
989 1717 1039 1746 ita
1056 1717 1146 1747 codd.

249 1800 262 1814 ‘²
286 1796 380 1851 With
398 1796 456 1827 the
473 1796 613 1837 reading
630 1796 668 1827 of
681 1796 835 1837 Mayhoff
850 1808 857 1827 ι
887 1796 906 1809 “
921 1799 958 1826 tro
974 1796 1150 1837 epileptics
1165 1796 1261 1827 three
1276 1797 1378 1827 times

204 1850 225 1870 a
241 1839 347 1912 d“agee
364 1892 420 1922 pp.
439 1882 508 1918 xiii,
527 1882 596 1912 xiv.
896 1886 908 1900 ⁰
931 1882 991 1913 See
1007 1884 1088 1912 note
1105 1891 1149 1912 on
1167 1882 1182 1921 ξ
1198 1882 1248 1912 31.

245 1923 261 1943 ‘³
285 1924 407 1956 Others
422 1924 601 1961 translate,
620 1925 639 1937 ‘⁴
654 1928 747 1965 styes
763 1935 807 1955 on
823 1924 882 1955 the
898 1925 1062 1965 eyelicls.''
1108 1926 1168 1956 See
1185 1926 1198 1964 §
1213 1926 1243 1956 3.

249 1971 260 1985 ²
281 1966 435 2008 Mayhoff
451 1979 457 1998 :
493 1968 547 1998 “a
568 1967 653 2008 drop
674 1967 712 1998 of
729 1969 755 1998 it
776 1967 873 1998 when
894 1967 1104 1998 hardened.”

200 2029 268 2075 138
