1469 2361
194 431 420 482 PLINII
443 451 454 483 ε
508 432 929 483 NATURALIS
976 431 1372 483 HISTORIAE

605 587 808 636 LIBER
857 589 953 634 XX

247 701 277 738 Ι.
309 701 517 739 ΜΑΧιΜυΜ
546 701 636 738 hinc
658 716 756 751 opus
787 707 954 738 naturae
977 701 1177 738 ordiemur
1200 707 1242 739 et
1263 703 1371 739 cibos

193 787 283 811 suos
316 773 465 811 homini
499 775 745 811 narrabimus
779 773 978 824 faterique
1012 787 1199 824 cogemus
1234 777 1372 825 ignota

194 859 280 883 esse
305 860 377 896 per
402 859 504 897 quae
530 850 648 884 vivat.
704 860 822 884 nemo
847 847 887 884 id
912 860 1077 896 parvum
1103 860 1148 884 ac
1174 847 1372 884 modicum

195 922 483 956 existimaverit
497 922 702 956 nominum
715 920 869 956 vilitate
884 919 1089 969 deceptus.
1145 933 1223 970 pax
1237 933 1372 957 secum

194 995 233 1028 in
258 991 317 1028 his
343 998 412 1029 aut
438 992 586 1029 bellum
613 998 780 1029 naturae
806 992 974 1036 dicetur,
1000 992 1091 1029 odia
1116 994 1372 1042 amicitiaque

193 1078 325 1101 rerum
352 1065 559 1101 surdarum
588 1079 632 1102 ac
659 1079 777 1102 sensu
805 1067 1026 1101 carentium
1055 1071 1109 1108 et,
1139 1079 1216 1114 quo
1244 1068 1370 1115 magis

193 1140 395 1181 miremur,
430 1140 562 1174 omnia
597 1151 645 1175 ea
678 1137 883 1175 hominum
918 1151 1050 1181 causa,
1086 1137 1192 1187 quod
1228 1137 1370 1174 Graeci

193 1210 461 1261 sympathiam
511 1216 553 1247 et
600 1210 866 1260 antipathiam
914 1210 1179 1259 appellavere,
1229 1211 1371 1260 quibus

193 1289 337 1320 cuncta
362 1289 561 1327 constant,
587 1286 699 1334 ignes
727 1285 838 1333 aquis
864 1284 1221 1333 restinguentffius,
1248 1297 1371 1333 aquas

157 1362 175 1392 2
195 1356 276 1393 sole
301 1356 533 1400 devorante,
557 1356 650 1393 luna
674 1359 870 1406 pariente,
895 1356 1021 1392 altero
1045 1355 1206 1392 alterius
1231 1358 1373 1393 iniuria

194 1429 406 1466 deficiente
443 1429 586 1473 sidere,
623 1435 760 1479 atque,
797 1434 842 1466 ut
878 1442 901 1465 a
937 1428 1228 1465 sublimioribus
1264 1442 1372 1465 rece-

194 1501 348 1545 damus,
381 1501 529 1538 ferrum
563 1502 612 1537 ad
645 1515 686 1538 se
720 1501 907 1538 trahente
941 1507 1131 1551 magnete
1165 1501 1296 1550 lapide
1330 1507 1371 1538 et

194 1574 269 1611 alio
295 1588 427 1611 rursus
455 1575 643 1624 abigente
671 1588 694 1611 a
719 1587 820 1618 sese,
848 1574 1064 1611 adamanta
1090 1587 1222 1611 rarum
1249 1587 1369 1624 opum

193 1647 398 1697 gaudium,
435 1647 659 1697 infragilem
696 1650 801 1684 omni
839 1653 975 1684 cetera
1012 1649 1047 1682 vi
1086 1652 1128 1683 et
1164 1649 1370 1691 invictum,

194 1723 386 1770 sanguine
424 1719 573 1756 hircino
611 1726 838 1770 rumpente,
877 1732 1061 1769 quaeque
1100 1719 1176 1755 alia
1213 1721 1254 1755 in
1291 1722 1370 1756 suis

194 1793 286 1829 locis
330 1792 505 1829 dicemus
549 1795 658 1842 paria
701 1793 762 1829 vel
806 1794 955 1829 maiora
997 1794 1154 1828 miratu.
1211 1797 1370 1828 tantum

195 1867 309 1901 venia
339 1867 390 1902 sit
420 1879 443 1902 a
472 1868 642 1902 minimis
672 1865 743 1902 sed
773 1878 796 1901 a
825 1865 1062 1902 salutaribus
1093 1864 1263 1902 ordienti
1293 1866 1370 1914 pri-

194 1951 383 1987 mumque
416 1938 466 1974 ab
497 1937 719 1975 hortensiis.

194 2048 214 2073 2
