1469 2299
112 199 145 228 Jl

382 92 574 129 PLINY:
621 92 880 130 NATURAL
914 92 1148 130 HISTORY

178 194 486 244 quinquefoliae,
504 208 607 244 quae
625 195 785 231 Graecis
803 194 928 231 altera
946 201 1018 231 est.
1074 197 1199 231 omnis
1217 200 1351 232 autem

179 251 366 284 recisione
398 254 520 297 atque
552 251 707 284 ustione
739 248 906 297 proficit,
936 247 1149 284 tralatione
1180 261 1352 297 quoque,

180 307 221 337 ut
240 304 353 343 vites,
371 304 522 350 optime
539 304 799 350 ocissimeque
816 303 997 350 provenit
1014 301 1176 337 surculis
1194 307 1352 350 quater-

181 368 270 390 num
302 355 516 404 digitorum
550 354 797 404 longitudine
828 360 897 390 aut
929 354 1119 403 ampliore
1149 360 1239 403 post
1270 368 1352 391 ver-

179 407 357 456 giliarum
384 421 564 444 occasum
592 414 692 451 sata,
717 407 808 444 dein
837 420 906 456 per
933 406 1133 443 favonium
1160 408 1354 444 translata

179 461 383 510 pedalibus
414 461 629 498 intervallis
659 461 796 497 crebro
825 460 1089 497 circumfossa.
1144 463 1211 510 qui
1241 474 1352 510 prae-

177 527 310 550 cocem
345 513 495 550 faciunt
529 514 660 563 pedali
695 516 797 550 circa
831 513 1003 550 radicem
1038 514 1175 550 scrobe
1208 527 1351 563 aquam

177 567 344 604 calidam
376 567 589 604 infundunt
620 569 844 616 germinare
874 569 1089 616 incipiente
1118 567 1251 603 calice.

229 621 299 656 XI.
332 621 473 656 Lilium
523 616 633 657 rosae
680 620 889 657 nobilitate
936 623 1159 669 proximum
1205 626 1266 657 est
1313 627 1353 657 et

178 674 348 722 quadam
382 676 620 723 cognatione
651 676 843 723 unguenti
872 673 1041 722 oleique,
1069 673 1175 722 quod
1202 674 1352 710 lilinum

178 727 412 775 appellatur.
469 733 509 763 et
532 730 747 776 inpositum
770 729 890 763 etiam
914 729 1086 763 maxime
1109 740 1214 763 rosas
1235 727 1352 764 decet

113 788 138 815 ·.’;
180 781 309 816 medio
345 787 540 829 proventu
576 793 711 817 earum
748 782 949 829 incipienS.
1006 793 1078 816 nec
1113 780 1179 816 ulli
1216 780 1354 817 florum

179 834 386 870 excelsitas
404 837 541 877 maior,
558 833 759 870 interdum
776 834 999 870 cubitorum
1016 836 1151 876 trium,
1167 833 1355 883 languido

179 900 334 936 semper
355 887 453 923 collo
475 893 516 924 et
537 900 614 923 non
635 887 852 923 sufficiente
873 889 1013 936 capitis
1034 889 1155 923 oneri.
1210 887 1356 924 candor

179 943 260 976 eius
280 943 446 977 eximius
465 939 556 977 foris
574 943 702 977 striati
721 946 761 977 et
780 941 830 976 ab
848 942 1026 989 angustis
1044 942 1083 975 in
1101 939 1355 977 latitudinem

180 994 369 1042 paulatim
400 1007 486 1030 sese
516 993 686 1030 laxantis
716 994 846 1042 effigie
874 992 1034 1036 calathi,
1065 996 1256 1042 resupinis
1285 1007 1357 1043 per

179 1048 372 1083 ambitum
398 1047 514 1083 labris
538 1050 731 1096 tenuique
758 1047 836 1096 pilo
861 1052 903 1083 et
928 1047 1131 1090 stamine,1
1157 1048 1355 1084 stantibus

181 1103 218 1136 in
244 1101 375 1137 medio
401 1104 533 1137 crocis.
589 1103 646 1137 ita
671 1100 767 1137 odor
792 1099 976 1149 colorque
1002 1100 1164 1148 dupleX‚
1191 1106 1232 1136 et
1258 1100 1355 1137 alius

179 1153 307 1190 calicis
341 1154 439 1190 alius
472 1156 666 1197 staminis,
699 1152 924 1190 differentia
956 1154 1159 1203 angusta.2
1214 1156 1253 1189 in
1287 1167 1356 1190 un-

179 1210 316 1257 guenti
355 1221 446 1244 vero
482 1207 639 1256 oleique
675 1220 747 1243 usu
784 1213 825 1243 et
861 1207 954 1243 folia
989 1220 1067 1243 non
1103 1213 1354 1256 spernuntur.

180 1268 240 1298 est
261 1261 330 1297 flos
352 1275 430 1297 non
450 1261 646 1298 dissimilis
668 1260 721 1297 illi
742 1263 781 1297 in
802 1260 925 1297 herba
945 1273 1066 1310 quam
1085 1260 1356 1297 convolvolum

226 1347 238 1366 1
261 1348 408 1378 stamine
424 1347 587 1388 Detlessen
603 1360 609 1378 :
637 1348 765 1378 semine
778 1347 867 1378 codd.
885 1359 891 1377 :
919 1347 1075 1377 staminis
1090 1346 1175 1386 (sine
1188 1350 1355 1386 commate)

187 1390 410 1473 Mglyglrllgista
430 1443 504 1463 cum
524 1433 613 1464 codd.
636 1432 794 1473 illayhoff
805 1444 812 1463 :
845 1433 950 1463 etiam
970 1436 1074 1473 gustu
1094 1431 1269 1472 Deilessen.

221 1540 235 1554 ‘²
259 1535 329 1566 The
346 1539 366 1551 “
378 1535 450 1566 first
463 1534 482 1547 '’
501 1534 608 1566 Greek
627 1534 708 1566 kind
727 1534 836 1566 would
855 1534 896 1566 be
914 1533 972 1565 the
988 1533 1115 1573 lychni-3
1131 1534 1195 1573 of§
1216 1536 1265 1566 18.

224 1578 235 1597 ¹³
258 1579 319 1610 See
340 1579 384 1609 ΙΙ.
402 1581 416 1617 §
434 1579 494 1610 125
511 1579 621 1609 where
639 1579 739 1619 Pliny
754 1578 831 1609 tells
848 1589 886 1609 us
903 1578 982 1608 that
997 1578 1057 1608 the
1075 1578 1227 1608 Pleiades
1243 1582 1295 1608 set
1311 1588 1355 1608 on

180 1623 214 1652 11
233 1621 428 1652 November
443 1621 510 1652 and
527 1623 555 1661 (§
573 1622 648 1660 123)
663 1622 728 1652 rise
743 1632 786 1652 on
806 1622 844 1652 lO
859 1621 951 1661 May,
966 1622 1082 1661 giving
1098 1620 1157 1651 the
1174 1620 1356 1662 beginning

176 1664 214 1695 of
229 1675 390 1695 summer.
437 1663 504 1695 For
518 1668 601 1695 west
617 1664 719 1700 wind,
738 1674 791 1694 see
808 1674 840 1704 p.
859 1664 930 1700 211,
949 1667 1031 1694 note
1046 1663 1077 1694 h.

216 1711 228 1725 ⁰
250 1707 320 1737 The
337 1707 508 1737 madonna
521 1706 593 1747 lily,
611 1706 733 1737 [silium
743 1706 926 1737 camlidvm.

216 1749 230 1768 '²
252 1749 396 1790 Usually
412 1750 448 1781 in
462 1749 567 1789 shape
583 1749 649 1781 like
665 1760 685 1779 a
701 1749 884 1780 truncated
901 1759 995 1780 cone.

219 1797 230 1811 ²
253 1793 269 1823 I
281 1793 382 1823 think
394 1793 473 1824 that
486 1793 554 1832 pilo
565 1793 668 1824 refers
681 1797 717 1823 to
730 1792 823 1833 pistil
835 1793 903 1823 and
915 1792 1055 1823 stamine
1067 1795 1104 1822 to
1116 1791 1175 1822 the
1191 1795 1353 1823 stamens.

176 1835 246 1866 The
270 1836 411 1876 reading
435 1836 513 1866 here
537 1836 564 1866 is
588 1835 761 1872 doubtful,
786 1846 822 1866 as
846 1836 873 1866 is
897 1835 956 1865 the
980 1836 1213 1865 construction
1238 1834 1277 1865 of
1296 1835 1355 1865 the

175 1878 356 1910 ablatives.
403 1878 581 1919 Possibly:
624 1878 717 1909 “the
744 1878 828 1909 croci
855 1877 1020 1917 (anthers)
1046 1878 1209 1918 standing
1235 1878 1269 1908 in
1295 1878 1355 1909 the

175 1925 291 1952 centre
309 1921 391 1952 with
407 1921 541 1952 slender
563 1921 734 1952 filaments
757 1921 825 1951 and
850 1921 980 1961 pistil.’'

214 1962 230 1985 s
251 1964 345 1995 With
366 1964 571 1995 Detlefsen’s
591 1964 809 2005 conjecture:
844 1964 963 1995 “even
983 1964 1018 1994 in
1038 1962 1164 1994 taste.'’

176 2025 244 2072 176
