1469 2299
97 420 157 451 186

97 897 155 928 187

97 1270 157 1301 188

97 1642 156 1674 189

387 99 580 136 PLINY:
627 99 887 136 NATURAL
921 99 1155 137 HISTORY

184 202 348 239 crudum
379 205 459 238 sive
489 202 720 244 decoctum;
765 204 861 238 item
891 202 1014 238 viride
1044 201 1247 238 aridumve
1277 216 1357 238 om-

185 257 298 291 nibus
342 269 444 304 quae
488 255 726 292 condiuntur
769 268 952 304 quaeque
996 257 1247 305 intinguntur
1290 255 1358 292 de-

184 309 415 352 sideratum,
456 311 567 358 panis
617 311 737 345 etiam
785 310 925 344 crustis
973 307 1221 344 inferioribus
1269 309 1358 344 sub-

184 362 324 398 ditum.
380 364 499 398 saccis
525 375 683 411 quoque
708 361 888 398 additum
913 375 1002 397 cum
1028 364 1169 398 amaris
1195 362 1358 398 nucibus

184 418 274 451 vina
306 415 572 451 commendat.
628 417 721 464 quin
756 417 883 464 ipsum
917 416 992 451 oris
1025 413 1193 451 halitum
1225 417 1359 451 iucun-

183 468 334 504 diorem
362 467 456 505 facit
484 468 760 517 faetoremque
787 468 892 504 tollit
919 467 1203 504 manducatum
1232 474 1359 504 matu-

183 524 275 558 tinis
306 535 395 558 cum
426 524 601 572 zmyrnio
633 528 673 557 et
704 521 822 557 melle
854 523 1011 571 exiguo.
1042 535 1133 557 mox
1164 523 1254 557 vino
1283 521 1360 558 col-

183 575 323 611 lutmn.
379 575 532 611 vultum
562 577 754 611 iuniorem
784 580 975 623 praestat.
1031 576 1224 610 insomnia
1254 573 1359 611 levat

183 641 417 677 suspensum
460 631 499 664 in
542 628 715 677 pulvino,
758 634 803 664 ut
846 627 1089 664 dormientes
1132 627 1358 664 olefaciant.

184 681 460 730 adpetentiam
494 682 670 717 ciborum
705 686 898 730 praestat,
933 680 1092 730 quando
1127 680 1166 717 id
1201 694 1360 730 quoque

184 736 287 770 inter
322 734 486 770 artificia
521 734 686 771 deliciae
722 733 866 778 fecere,
903 746 950 770 ex
987 747 1064 782 quo
1099 733 1209 770 labor
1243 734 1360 771 desiit

184 788 290 824 cibos
321 800 494 836 poscere.
550 788 600 824 ob
630 786 700 823 has
730 801 867 823 causas
899 787 1059 836 quidam
1091 789 1291 824 anicetum
1321 787 1360 824 id

184 853 384 877 vocavere.

237 893 425 930 LXXIII.
457 893 794 930 Laudatissimum
818 899 878 930 est
901 893 1115 937 Creticum,
1137 896 1360 943 proximum

184 948 445 996 Aegyptium.
500 946 573 983 hoc
602 947 772 997 ligustici
802 949 926 983 vicem
955 952 1134 996 praestat
1163 949 1201 983 in
1229 947 1361 984 condi-

183 1003 341 1036 mentis.
397 1000 550 1037 dolores
605 1003 744 1049 capitis
801 1000 906 1036 levat
960 1000 1133 1037 suffitum
1188 1001 1358 1037 naribus.

185 1052 383 1103 epiphoris
430 1053 631 1090 oculorum
678 1054 835 1090 Evenor
880 1053 1054 1090 radicem
1101 1055 1183 1090 eius
1230 1060 1361 1090 tusam

184 1109 351 1156 inponit,
380 1106 496 1143 Iollas
523 1109 651 1156 ipsum
679 1120 768 1143 cum
795 1120 907 1143 croco
933 1109 1017 1156 pari
1043 1106 1162 1143 modo
1189 1112 1231 1143 et
1258 1109 1360 1151 vino,

185 1166 227 1196 et
253 1173 324 1209 per
351 1173 393 1196 se
419 1173 509 1196 cum
536 1160 699 1209 polenta
726 1160 775 1196 ad
803 1173 968 1210 magnas
995 1159 1202 1197 fluctiones
1230 1166 1360 1196 extra-

184 1212 406 1262 hendisque
420 1216 449 1250 si
466 1227 543 1263 qua
559 1216 598 1249 in
612 1213 742 1250 oculos
758 1213 979 1250 inciderint.
1034 1215 1188 1249 narium
1202 1226 1360 1263 quoque

184 1266 410 1303 carcinodes
430 1269 625 1303 consumit
646 1266 801 1303 inlitum
822 1280 871 1303 ex
891 1280 1006 1316 aqua.
1061 1266 1176 1303 sedat
1196 1269 1360 1316 anginas

183 1333 273 1356 cum
293 1319 444 1369 hysopo
465 1333 509 1356 ac
529 1320 647 1356 melle
668 1333 716 1356 ex
738 1326 852 1357 aceto
872 1322 1180 1370 gargarizatum,
1200 1321 1359 1357 auribus

184 1372 406 1410 infunditur
447 1386 536 1410 cum
578 1386 752 1417 rosaceo,
793 1372 963 1410 thoracis
1007 1375 1171 1422 pituitas
1213 1379 1360 1423 purgat

184 1432 348 1469 tostum,
368 1440 456 1463 cum
476 1426 593 1463 melle
612 1433 827 1476 sumptum.
882 1426 1022 1463 melius
1041 1439 1131 1463 cum
1150 1426 1359 1463 acetabulo

183 1482 290 1515 anesi
330 1493 449 1516 nuces
478 1493 630 1516 amaras
660 1493 680 1517 L
708 1486 897 1530 purgatas
926 1485 1057 1516 terere
1094 1482 1135 1516 in
1162 1479 1280 1516 melle
1309 1480 1359 1517 ad

184 1535 335 1569 tussim.
391 1532 575 1570 facillime
606 1546 698 1570 vero
730 1536 838 1570 anesi
870 1532 1082 1570 drachmae
1112 1538 1208 1576 tres,
1240 1546 1360 1582 papa-

185 1588 284 1622 veris
310 1586 414 1623 duae
438 1589 654 1623 miscentur
679 1587 797 1623 melle
823 1587 873 1624 ad
899 1586 1016 1623 fabae
1042 1586 1359 1636 magnitudinem

185 1645 226 1676 et
250 1645 390 1677 ternae
414 1639 553 1677 diebus
578 1646 800 1677 sumuntur.
854 1642 1111 1690 praecipuum
1136 1646 1273 1677 autem
1298 1646 1359 1677 est

230 1793 244 1807 ⁰
266 1789 417 1831 Perhaps
436 1791 471 1821 in
493 1790 631 1831 baking,
652 1801 689 1821 or
708 1790 804 1822 when
820 1791 890 1821 itis
908 1790 1075 1821 kneaded.
1123 1790 1256 1831 Query:
1291 1800 1359 1821 was

186 1834 213 1864 it
232 1833 373 1873 painted
392 1843 473 1864 over
491 1833 550 1864 the
571 1834 706 1864 bottom
725 1833 764 1864 of
778 1844 798 1864 a
817 1833 890 1864 loaf
904 1834 938 1864 in
958 1833 1017 1864 the
1035 1833 1123 1864 form
1142 1833 1181 1864 of
1195 1844 1215 1864 a
1235 1836 1358 1874 pasto?

186 1875 246 1937 Cfl’
258 1877 465 1949 §Tllfi{.comd
481 1929 580 1949 mean
593 1931 599 1949 :
626 1918 646 1931 “
660 1922 822 1959 prevents
838 1918 1084 1959 nightmares.''

235 1965 246 1979 ⁰
268 1961 428 2002 Meaning
441 1961 614 1993 doubtful.
661 1961 812 2003 Perhaps
829 1960 982 2002 ἀνίκητον
1000 1959 1284 1999 (“invineible'’).

185 2030 253 2066 108
