1469 2299
127 306 184 337 149

128 820 186 851 150

132 1399 185 1429 151

415 133 607 171 PLINY:
654 134 915 172 NATURAL
948 134 1183 172 HISTORY

209 236 409 280 silvestris,
441 239 538 273 item
568 236 788 273 comitiales
820 242 862 272 et
891 238 1108 273 iocinerum
1138 242 1314 273 tumores
1345 241 1388 273 et

211 303 459 350 serpentium
501 302 614 337 ictus.
669 302 749 337 ciet
791 313 947 337 menses
991 306 1033 337 et
1076 303 1221 344 urinas,
1263 313 1388 350 grano

210 367 396 401 maxime.
453 364 643 401 emendat
678 370 719 400 et
753 363 927 401 lichenas
962 369 1004 401 et
1038 367 1203 401 testium
1237 363 1389 401 inflam-

207 431 416 472 mationes,
470 431 624 479 regium
676 429 872 473 morbum,
919 427 1168 479 hydropicos.
1223 428 1390 465 laedunt

211 496 343 530 omnia
374 492 473 529 haec
503 506 653 543 genera
684 492 955 529 exulceratam
986 495 1158 529 vesicam
1189 498 1231 530 et
1259 506 1387 535 renes.

211 559 451 607 gangraenis
477 557 635 593 utiliora
660 570 750 593 cum
775 556 894 593 melle
919 562 962 593 et
986 556 1044 593 his
1070 569 1174 606 quae
1199 556 1390 594 cacoethe

211 627 413 658 vocantur.
469 634 724 657 verrucarum
754 623 793 657 in
824 623 930 658 omni
961 633 1110 671 genere
1140 623 1267 671 prima
1296 621 1391 658 luna

211 685 374 735 singulis
412 688 544 736 granis
583 685 758 736 singulas
796 690 984 736 tangunt,
1023 698 1152 735 eaque
1188 698 1314 736 grana
1349 688 1390 722 in

212 750 374 786 linteolo
401 749 579 800 deligata
606 756 695 799 post
722 762 764 786 se
792 750 982 793 abiciunt,
1009 752 1067 786 ita
1093 749 1223 800 fugari
1249 752 1389 786 vitium

212 815 465 851 arbitrantes.
521 816 642 851 nostri
679 816 930 864 praecipiunt
964 816 1178 850 arietinum
1211 816 1252 850 in
1287 827 1392 864 aqua

212 892 302 915 cum
329 878 410 915 sale
436 878 682 928 discoquere,
710 891 759 915 ex
786 891 833 915 eo
858 878 997 914 bibere
1022 877 1187 928 cyathos
1212 878 1326 916 binos
1350 880 1391 915 in

211 943 510 979 difficultatibus
549 945 708 985 urinae;
756 945 810 979 sic
844 948 885 979 et
922 942 1090 979 calculos
1128 942 1251 992 pellil
1290 956 1392 979 mor-

214 1007 390 1057 bumque
426 1009 592 1057 regium.
649 1006 827 1043 eiusdem
863 1006 963 1043 foliis
998 1008 1289 1056 sarmentisque
1324 1007 1392 1044 de-

212 1074 332 1108 coctis
350 1085 454 1121 aqua
471 1085 590 1121 quam
607 1073 780 1107 maxime
797 1071 924 1108 calida
940 1071 1097 1108 morbos
1114 1070 1263 1120 pedum
1278 1070 1391 1115 lenit,

215 1142 257 1172 et
303 1138 432 1185 ipsum
474 1135 645 1172 calidum
692 1138 913 1185 tritumque
954 1135 1124 1172 inlitum.
1178 1135 1391 1172 columbini

217 1200 370 1237 decocti
422 1214 526 1250 aqua
575 1199 777 1237 horrorem
828 1202 1027 1236 tertianae
1079 1205 1121 1236 et
1171 1205 1392 1249 quartanae

213 1267 392 1301 minuere
409 1264 596 1301 creditur.
652 1267 809 1315 nigrum
826 1269 962 1301 autem
979 1277 1068 1300 cum
1085 1263 1214 1314 gallae
1230 1263 1392 1301 dimidio

214 1332 353 1366 tritum
372 1329 575 1365 oculorum
594 1329 790 1366 ulceribus
810 1341 859 1365 ex
877 1342 992 1378 passo
1010 1328 1208 1365 medetur.

266 1393 457 1430 LXXIII.
488 1394 550 1430 De
573 1407 664 1430 ervo
686 1393 886 1443 quaedam
905 1395 946 1429 in
965 1395 1169 1429 mentione
1191 1395 1274 1430 eius
1294 1392 1393 1430 dixi-

214 1472 314 1501 mus,
360 1471 434 1494 nec
479 1460 703 1507 potentiam
750 1459 784 1494 ei
830 1459 1024 1494 minorem
1070 1463 1226 1494 veteres
1272 1470 1393 1507 quam

217 1523 413 1559 brassicae
435 1523 624 1565 tribuere,
646 1527 784 1559 contra
804 1524 1051 1572 serpentium
1071 1523 1172 1558 ictus
1194 1534 1243 1558 ex
1264 1527 1392 1565 aceto,

216 1587 265 1623 ad
316 1586 599 1623 crocodilorum
650 1585 935 1636 hominumque
984 1599 1171 1622 morsum.
1225 1588 1256 1622 si
1306 1588 1392 1636 quis

219 1664 355 1687 ervum
398 1651 544 1687 cotidie
586 1653 740 1687 ieiunus
785 1650 881 1693 edit,
924 1650 1069 1687 lienem
1113 1652 1196 1687 eius
1238 1650 1392 1687 absumi

218 1717 424 1752 certissimi
445 1721 626 1752 auctores
647 1714 871 1752 adfirmant.
927 1714 1053 1751 farina
1073 1716 1156 1751 eius
1177 1727 1302 1759 varos,
1321 1713 1392 1752 sed

371 1834 382 1853 ²
405 1833 484 1875 pelli
501 1833 585 1874 vulq.
606 1833 781 1874 Mayhoff:
812 1833 908 1874 pellit
925 1833 1028 1870 codd„
1046 1832 1220 1873 Deilefsen.

602 1988 617 2003 ⁰
638 1984 700 2016 See
722 1983 856 2015 XVIII.
879 1984 982 2022 5139.

217 2075 290 2108 400
