1469 2299
137 246 196 278 123

138 726 198 756 124

137 1261 196 1293 125

429 139 621 176 PLINY:
668 140 929 177 NATURAL
964 140 1197 178 HISTORY

225 244 400 278 monicis.
465 255 555 277 cum
605 247 695 278 ruta
744 247 882 278 coctae
932 243 1168 278 torminibus
1217 248 1397 291 prosunt,

225 296 414 331 tibiarum
457 295 654 331 ulceribus
696 308 787 331 cum
829 297 931 331 aeris
972 294 1082 339 flore,
1125 301 1167 332 et
1207 296 1394 344 parotidi,

225 351 419 398 pterygiis
451 361 540 384 cum
573 350 717 397 punico
749 348 867 391 malo,
900 349 1108 392 ambustis,
1140 350 1397 398 pernionibus

223 415 314 438 cum
333 415 436 445 cera,
457 401 682 451 hydropicis
701 407 839 438 coctae
858 404 897 437 in
916 404 1006 438 vino
1025 415 1115 438 cum
1135 402 1335 438 absinthio
1355 408 1397 439 et

225 454 352 491 farina
382 454 605 491 hordeacia.
662 457 766 491 nitro
795 455 933 491 addito
962 455 1230 492 manducatae
1261 456 1394 492 alvum

225 509 396 551 solvunt,
421 511 671 557 scorpionum
694 509 839 544 ictibus
862 522 952 544 cum
975 509 1058 544 sale
1082 511 1202 545 tritae
1225 509 1397 545 inlinun-

225 567 303 605 tur,
317 562 576 598 carbunculos
591 561 811 598 extrahunt
823 564 863 598 in
876 564 966 598 vino
979 567 1117 598 coctae
1132 568 1174 598 et
1186 565 1396 611 inpositae.

225 618 495 658 carcinomati,
518 617 547 651 si
571 617 655 651 sine
680 615 812 651 ulcere
835 612 929 659 est,l
953 628 1073 664 quam
1095 618 1397 665 pinguissimam

229 668 345 704 ticum
378 671 512 717 inponi
544 681 673 717 paene
705 668 906 718 singulare
937 668 1159 705 remedium
1191 674 1266 712 est,
1298 672 1396 705 item

229 722 531 771 phagedaenae.
588 724 683 758 cinis
697 735 775 758 non
790 735 839 758 ex
854 722 930 758 alia
943 723 1083 758 arbore
1098 724 1223 758 acrior
1235 728 1396 772 purgat,

222 776 488 824 conglutinat,
521 775 664 824 replet,
697 775 924 825 adstringit.
980 776 1132 812 bibitur
1163 781 1205 812 et
1237 775 1287 812 ad
1318 776 1395 812 dis-

226 829 459 864 cutiendum
496 831 733 878 sanguinem
769 834 1015 872 concretum,
1051 831 1150 865 item
1185 832 1395 878 percussis,

226 884 514 931 praecipitatis,
544 884 685 931 ruptiS,
714 882 909 918 convulsis
939 885 1080 918 cineris
1109 881 1279 932 cyathus
1307 896 1398 919 cum

224 935 379 985 cyathis
396 935 410 958 2
438 935 601 985 singulis
629 948 758 984 aquae
785 941 827 971 et
853 935 942 972 olei.
997 935 1117 972 datur
1142 938 1329 972 tetanicis
1357 941 1399 973 et

225 991 420 1038 spasticis,
448 991 545 1025 item
573 995 690 1037 potus
718 988 779 1025 vel
806 988 959 1025 infusus
986 989 1168 1025 coeliacis
1196 994 1238 1025 et
1264 989 1398 1039 dysin-

226 1045 370 1079 tericis.
428 1048 469 1078 et
492 1044 522 1078 si
547 1045 634 1091 quis
658 1055 705 1078 eo
728 1055 818 1078 cum
841 1042 928 1078 oleo
951 1048 1245 1092 perunguatur,
1269 1043 1398 1079 excal-

227 1095 334 1132 facit.
391 1095 496 1131 idem
520 1109 609 1131 curn
632 1109 723 1131 cera
745 1101 787 1132 et
808 1108 969 1132 rosaceo
991 1096 1182 1132 subactus
1204 1096 1398 1132 ambustis

225 1152 451 1186 cicatricem
480 1151 756 1185 tenuissimam
783 1149 960 1185 obducit.
1017 1149 1206 1185 lusciosos
1234 1162 1282 1185 ex
1310 1149 1398 1186 oleo

224 1203 403 1239 inlinitus
430 1202 634 1245 emendat,
660 1202 925 1252 dentiumque
952 1205 1049 1238 vitia
1074 1203 1213 1239 crebro
1238 1201 1395 1239 fricatu.

224 1256 399 1306 produnt
429 1259 565 1299 etiam,
593 1259 623 1292 si
653 1258 740 1305 quis
768 1256 959 1292 inclinata
989 1256 1130 1292 arbore
1159 1259 1301 1305 supino
1329 1270 1396 1293 ore

223 1310 397 1359 aliquem
421 1310 570 1346 nodum
595 1312 679 1346 eius
704 1323 835 1346 morsu
861 1309 1075 1346 abstulerit
1098 1309 1207 1346 nullo
1231 1309 1395 1346 vidente

225 1369 347 1413 atque
365 1376 455 1399 cum
473 1363 489 1386 3
508 1363 618 1399 aluta
635 1363 847 1413 inligatum
864 1363 952 1400 licio
971 1376 992 1399 e
1010 1363 1110 1399 collo
1128 1363 1396 1412 suspenderit,

226 1423 398 1454 strumas
438 1422 479 1453 et
517 1416 720 1466 parotidas
759 1416 914 1453 discuti.
981 1422 1120 1453 cortex
1155 1418 1273 1453 tritus
1308 1430 1396 1453 cum

225 1471 312 1507 oleo
337 1472 486 1506 ventris
516 1469 677 1506 ulcera⁴
699 1475 827 1506 sanat.
883 1470 1023 1506 crudi5
1044 1472 1169 1520 grossi
1199 1482 1396 1513 verrucas,

267 1555 279 1574 ²
304 1560 355 1586 est
371 1556 459 1586 codd.
477 1567 483 1585 z
514 1555 559 1586 sit
576 1554 738 1595 JIayhoff.

270 1597 282 1616 ²
307 1598 451 1638 cyathus
463 1608 539 1629 cum
551 1597 683 1639 cyathis
695 1598 820 1629 Ianus:
846 1598 992 1638 cyathus
1003 1598 1036 1629 in
1049 1597 1218 1638 Mayhoff:
1242 1597 1397 1629 lacunam

226 1652 285 1682 pro
295 1641 444 1715 nceyathis
471 1641 570 1672 indic.
601 1641 708 1682 Silliq,
737 1640 898 1682 Detlefsen
915 1653 921 1671 :
957 1641 1069 1672 nervis
1097 1652 1156 1681 pro
1184 1640 1318 1681 cyathis
1343 1641 1395 1672 Io.

228 1685 291 1746 Μξ
311 1695 389 1758 clim
406 1726 476 1757 de
494 1725 666 1768 Detles-sen,
685 1725 858 1766 Mayhoff:
887 1736 965 1757 eum
983 1726 1040 1758 VT
1056 1738 1063 1757 ι
1093 1727 1127 1757 in
1144 1725 1227 1766 vulq.

273 1770 286 1789 ⁴
312 1769 422 1800 ulcera
437 1768 532 1808 vulq„
550 1769 704 1809 Mayhoff
715 1781 721 1800 :
751 1769 891 1800 vulnera
906 1769 1014 1809 plures
1027 1769 1129 1806 codd„
1144 1767 1317 1810 Detlefsen.

224 1813 295 1895 ho}
309 1813 402 1844 crudi
423 1812 610 1885 ἕεὶἷεῙεεηε
638 1812 733 1843 erudi
757 1812 802 1843 d:
831 1812 935 1843 cruda
959 1812 1010 1844 V:
1039 1811 1163 1844 crudae
1183 1811 1279 1853 vulq„
1297 1812 1393 1851 May-

307 1868 313 1886 :
343 1866 404 1887 om.
455 1880 462 1886 .

262 1961 276 1975 ‘¹
300 1958 348 1989 Cf.
372 1958 486 1989 Cicero
507 1958 544 1988 de
568 1957 631 1998 leqe
654 1957 786 1998 ayraria
810 1957 877 1990 III.
900 1957 934 1990 ii.
954 1959 975 1988 4
998 1967 1037 1989 ne
1061 1957 1210 1997 refricare
1228 1957 1395 1989 obductam

222 2000 290 2031 iam
307 2001 502 2041 reipublicae
519 2000 699 2032 cicatricem
715 2000 847 2032 viderer.

221 2063 291 2110 496
