1469 2299
133 419 171 449 27

133 686 173 716 28

403 153 597 190 PLINY:
643 153 904 191 NATURAL
938 153 1173 191 HISTORY

201 256 339 290 statim
383 254 478 291 bina
522 254 652 291 stadia
697 255 970 299 ambulentur,
1014 254 1111 292 alias
1155 261 1260 299 uret,
1304 258 1377 293 nisi

201 307 347 357 frigida
398 311 536 344 statim
588 308 787 344 abluatur.
863 308 1074 345 iucundius
1136 307 1210 345 hoc
1271 309 1376 346 idem

201 367 382 410 praestat
401 364 515 411 nigra
535 364 640 405 vitis,
661 364 851 411 quoniam
870 361 961 398 alba
979 364 1179 411 pruritum
1199 362 1344 400 adfert.

254 414 385 451 XVII.
417 415 490 451 Est
513 428 608 465 ergo
631 421 673 451 et
694 417 822 465 nigra,
845 428 966 465 quam
987 417 1147 464 proprie
1169 416 1378 465 bryoniam

201 474 359 511 vocant,
389 468 453 504 alii
475 468 718 511 Chironiam,
748 468 812 504 alii
841 468 1155 518 gynaecanthen
1175 475 1246 505 aut
1266 482 1379 518 apro-

201 523 322 564 niam,
357 522 527 558 similem
573 524 706 571 priori,
741 528 1028 571 praeterquam
1067 522 1222 566 colore3
1262 522 1378 560 huius

202 577 309 610 enim
332 577 491 625 nigrum
517 588 603 611 esse
627 575 813 612 diximus.
870 588 1085 625 asparagos
1110 578 1194 612 eius
1219 575 1379 613 Diocles

201 628 395 677 praetulit
436 631 537 665 veris
579 631 783 679 asparagis
823 630 864 665 in
903 629 992 665 cibo
1032 631 1172 665 urinae
1211 629 1379 666 ciendae

201 681 377 731 lienique
420 682 650 719 minuendo.
707 684 747 718 in
789 681 974 719 frutectis
1017 687 1059 719 et
1099 681 1379 720 harundinetis

201 738 375 771 maxime
409 738 598 772 nascitur.
667 736 782 772 radix
815 735 909 772 foris
943 737 1072 785 nigra,
1104 737 1213 772 intus
1245 736 1379 773 buxeo

201 788 362 825 colore.1
417 802 505 825 ossa
533 788 705 825 infracta
733 788 795 825 vel
824 789 1020 826 efficacius
1050 788 1229 826 extrahit
1257 803 1378 839 quam

201 855 321 891 supra
345 842 467 886 dicta,
493 848 630 879 cetera
655 842 810 879 eadem.
867 842 1069 892 peculiare
1094 842 1203 892 quod
1226 845 1380 879 iumen-

201 901 333 932 torum
374 897 593 932 cervicibus
634 899 750 932 unice
790 896 990 932 medetur.
1052 898 1180 939 aiunt,
1220 898 1252 932 si
1291 899 1379 946 quis

202 949 335 985 villam
366 962 413 986 ea
443 952 628 992 cinxerit,
656 949 798 999 fugere
829 951 1040 999 accipitres
1070 955 1264 998 tutasque
1295 949 1380 986 fieri

201 1002 364 1039 altiles.²
418 1003 561 1040 eadem
590 1006 631 1039 in
655 1006 837 1039 iumento
861 1002 1106 1051 homineque
1127 1002 1289 1039 flemina
1309 1009 1381 1040 aut

201 1059 439 1106 sanguinem
470 1059 537 1106 qui
573 1070 616 1093 se
653 1057 703 1093 ad
739 1056 841 1093 talos
878 1056 1072 1093 deiecerit
1101 1056 1379 1106 circumligata

201 1115 330 1146 sanat.
387 1116 428 1146 et
450 1109 646 1146 hactenus
669 1110 719 1146 de
742 1112 885 1146 vitium
906 1110 1135 1160 generibus.

252 1163 407 1199 XVIII.
441 1164 580 1200 Musta
605 1163 852 1200 differentias
885 1162 1039 1200 habent
1059 1162 1264 1199 naturales
1294 1161 1380 1207 has,

201 1217 309 1266 quod
339 1222 433 1253 sunt
463 1217 634 1253 candida
665 1223 735 1253 aut
766 1219 880 1267 nigra
910 1222 981 1253 aut
1011 1219 1117 1253 inter
1147 1221 1380 1266 utrumque,

202 1270 278 1306 alia
309 1283 357 1307 ex
389 1271 532 1320 quibus
563 1274 698 1307 vinum
729 1270 813 1313 fiat,
843 1270 919 1306 alia
950 1283 999 1306 ex
1029 1270 1174 1319 quibus
1203 1283 1378 1319 passum.

200 1337 294 1360 cura
309 1323 557 1361 differentias
579 1323 891 1360 innumerabiles
907 1323 1018 1367 facit,
1039 1326 1079 1359 in
1100 1323 1264 1372 plenum
1283 1336 1379 1373 ergo

201 1376 300 1414 haec
335 1378 482 1414 dixisse
518 1380 754 1414 conveniat:
803 1383 982 1414 mustum
1017 1389 1136 1413 omne
1170 1376 1378 1414 stomacho

201 1431 357 1473 inutile,
379 1434 489 1467 venis
519 1431 750 1467 iucundum.
808 1444 830 1467 a
858 1431 1012 1467 balneis
1042 1432 1191 1480 raptim
1222 1435 1264 1467 et
1294 1432 1378 1467 sine

202 1487 528 1533 interspiratione
552 1491 692 1534 potum
716 1490 846 1520 necat.
903 1483 1185 1520 cantharidum
1207 1489 1379 1520 naturae

202 1538 452 1581 adversatur,
473 1541 571 1575 item
594 1539 864 1588 serpentibus,
886 1540 1061 1574 maxime
1082 1536 1378 1574 haemorrhoidi

277 1624 289 1643 ²
313 1624 391 1654 Post
409 1624 517 1655 colore
533 1633 657 1655 comma
674 1624 765 1663 ponit
783 1622 958 1664 Deflefsen.

275 1666 287 1684 ²
312 1666 421 1698 altiles
438 1666 620 1708 Detlessen:
647 1666 780 1697 villares
797 1666 893 1696 alites
911 1665 1083 1706 JIayhoff:
1108 1664 1202 1697 varia
1218 1663 1306 1696 codd.

240 1773 254 1788 ‘¹
278 1769 387 1810 Again
401 1768 496 1799 there
515 1769 541 1799 is
553 1769 612 1801 the
629 1778 721 1800 same
738 1767 905 1808 difficulty
923 1778 959 1798 as
977 1767 1137 1798 occurred
1154 1768 1187 1798 in
1205 1767 1238 1808 ἓξ
1252 1768 1376 1798 23-26:

199 1812 242 1843 do
263 1812 322 1843 the
343 1817 517 1842 sentences
539 1811 627 1842 after
648 1811 743 1843 radix
764 1811 848 1842 refer
869 1815 906 1842 to
927 1811 986 1841 the
1008 1812 1096 1847 vine,
1118 1820 1155 1841 or
1175 1810 1256 1850 only
1276 1814 1314 1840 to
1334 1810 1379 1841 its

198 1858 298 1886 root?
347 1854 532 1889 Detlefsen,
553 1854 628 1885 who
648 1854 708 1885 has
727 1865 747 1884 a
766 1864 900 1885 comma
919 1858 956 1884 at,
975 1852 1086 1890 colore,
1106 1863 1213 1884 seems
1233 1852 1378 1884 inclined

199 1902 235 1929 to
262 1898 320 1929 the
348 1898 450 1929 latter
477 1899 580 1935 view;
620 1897 785 1938 Mayhoff,
813 1897 888 1928 who
915 1896 976 1928 has
1002 1906 1022 1928 a
1049 1895 1113 1928 full
1138 1900 1227 1938 stop,
1254 1899 1292 1927 to
1318 1895 1378 1928 the

199 1941 333 1973 former,

242 1983 254 2003 ὁ
278 1983 422 2025 Spanish
441 1983 496 2023 fly.

240 2031 252 2046 ⁶
275 2027 336 2059 See
354 2026 433 2058 XX.
450 2026 484 2067 ἕξ
500 2027 552 2063 50,
571 2026 644 2058 210.

200 2099 269 2136 432
