1469 2299
384 109 577 147 PLINY:
623 109 885 147 NATL'RAL
921 109 1153 147 HISTORY

181 212 321 249 sedari.
379 212 487 248 radix
535 215 617 248 eius
663 215 702 248 in
747 225 850 262 aqua
894 212 1059 248 decocta
1105 212 1229 248 fracta
1274 223 1360 247 ossa

183 279 370 312 extrahit.
426 276 530 312 iam¹
558 276 608 312 de
634 289 778 312 venere
810 275 1050 313 stimulanda
1082 275 1252 312 diximus
1284 277 1359 310 tria

183 339 272 376 foiia
296 340 482 376 silvestris
506 353 647 376 erucae
669 342 824 376 sinistra
849 353 966 376 manu
990 339 1179 388 decerpta
1203 344 1244 375 et
1265 341 1359 375 trita

183 407 218 439 in
241 418 343 454 aqua
365 405 489 440 mulsa
511 407 539 440 si
563 405 760 440 bibantur.

97 474 152 502 127
237 469 277 504 L.
309 468 341 504 E
370 472 566 504 contrario
597 471 835 504 nasturtium
867 481 1052 504 venerem
1083 466 1251 510 inhibet,
1280 470 1356 502 ani-

182 546 288 568 mum
312 535 484 573 exacuit,
506 539 547 568 ut
570 533 753 569 diximus.
808 532 887 568 duo
909 534 990 568 eius
1011 544 1171 581 genera.
1227 530 1358 567 album

182 596 310 632 alvum
347 603 505 646 purgat,
534 596 709 632 detrahit
741 596 859 632 bilem
896 602 1033 646 potum
1067 597 1096 632 Χ
1117 595 1293 644 pondere
1323 598 1360 630 in

185 674 312 709 aquae
359 674 425 696 vil.
483 663 641 697 strumis
689 674 777 697 cum
829 661 1003 696 lomento
1046 659 1201 696 inlitum
1249 672 1359 708 oper-

184 731 351 773 tumque
391 726 559 761 brassica
601 725 800 774 praeclare
840 724 1035 760 medetur.
1093 723 1262 760 alterum
1303 730 1358 759 est

183 791 343 836 nigrius,
368 789 471 838 quod
497 791 637 837 capitis
663 792 754 825 vitia
781 795 940 838 purgat,
965 791 1088 824 visum
1113 794 1361 837 compurgat,

184 859 401 889 commotas
418 860 574 889 mentes
591 853 705 889 sedat
723 867 769 889 ex
788 859 902 889 aceto
920 859 1136 901 sumptum.
1152 851 1294 888 lienem
1313 864 1359 887 ex

184 920 271 952 vino
296 923 433 966 potum
459 917 517 953 vei
542 931 629 953 curn
656 917 727 953 fico
751 924 968 966 sumptum.
993 919 1131 953 tussim
1158 929 1205 952 ex
1230 915 1357 951 melle

100 988 155 1016 12⁸
183 984 211 1016 si
231 981 377 1017 cotidie
396 984 515 1017 ieiuni
534 988 706 1017 sumant.
762 995 898 1017 semen
919 994 966 1017 ex
987 983 1075 1017 vino
1094 983 1224 1016 omnia
1245 983 1353 1016 intes·

185 1048 356 1081 tinorum
384 1045 568 1082 animalia
594 1045 720 1095 pellit,
746 1046 939 1082 efficacius
966 1045 1103 1081 addito
1130 1051 1361 1081 mentastro.

185 1109 345 1158 prodest
372 1116 410 1146 et
437 1116 575 1146 contra
599 1113 763 1159 suspiria
791 1116 831 1146 et
856 1112 994 1146 tussim
1020 1123 1108 1145 cum
1135 1111 1298 1159 origano
1322 1114 1360 1144 et

185 1176 272 1209 vino
313 1174 431 1216 dulci,
473 1177 644 1223 pectoris
685 1174 884 1210 doloribus
927 1174 1134 1210 decoctum
1180 1175 1216 1208 in
1260 1172 1363 1209 lacte

183 1241 354 1287 caprino.
411 1252 532 1288 panos
563 1238 725 1275 discutit
757 1252 845 1274 cum
878 1241 964 1287 pice
996 1237 1252 1286 extrahitque
1282 1250 1359 1273 cor-

185 1305 264 1351 pori
303 1302 459 1339 aculeos
496 1308 536 1339 et
574 1302 746 1339 maculas
784 1302 938 1338 inlitum
977 1315 1022 1338 ex
1062 1307 1189 1344 aceto,
1225 1307 1361 1337 contra

100 1372 155 1402 ¹29
183 1369 449 1403 carcinomata
492 1367 660 1403 adicitur
703 1380 863 1403 ovorum
908 1366 1055 1403 album.
1111 1372 1151 1402 et
1196 1365 1362 1402 lienibus

188 1430 363 1467 inlinitur
385 1444 433 1467 ex
456 1438 584 1475 aceto,
606 1430 824 1468 infantibus
848 1444 939 1467 vero
962 1443 982 1467 e
1005 1430 1122 1466 melle
1144 1430 1362 1466 utilissime.

183 1493 342 1531 Sextius
371 1495 489 1532 adicit
518 1502 651 1532 ustum
679 1501 886 1545 serpentes
914 1494 1068 1544 fugare.
1095 1494 1363 1543 scorpionibus

186 1562 382 1603 resistere,
403 1562 542 1609 capitis
564 1560 717 1596 dolores
738 1562 923 1601 contrito,
944 1559 1139 1608 alopecias
1161 1557 1362 1594 emendari

185 1623 321 1660 addito
335 1626 474 1673 sinapi,
488 1626 727 1674 gravitatem
744 1627 895 1660 aurium
911 1626 1006 1660 trito
1020 1625 1190 1672 inposito
1205 1622 1363 1658 auribus

187 1700 274 1724 curn
301 1688 386 1731 fico,
410 1688 592 1725 dentium
616 1688 770 1725 dolores
795 1687 923 1724 infuso
947 1690 986 1723 in
1011 1700 1124 1724 aures
1149 1699 1255 1728 suco,
1279 1699 1360 1736 por-

223 1812 233 1830 ¹
258 1812 326 1842 iam
346 1823 418 1851 eqo:
444 1822 523 1842 nam
540 1813 650 1844 codd.:
674 1811 829 1843 Lacunam
846 1817 916 1852 pos!
938 1811 1089 1842 extrahit
1113 1809 1275 1850 Mayhosf,
1295 1815 1364 1850 pos!

178 1853 325 1884 diximus
342 1855 446 1888 Hard.

397 1978 411 1993 ‘⁸
436 1974 534 2005 XIX.
558 1975 662 2012 §154.
888 1972 902 1993 ⁶
926 1973 1026 2004 XIX.
1044 1974 1057 2011 §
1076 1974 1147 2004 155.

191 2046 235 2080 74
