1469 2299
133 580 189 607 144

135 948 191 977 {45

135 1318 190 1347 146

134 1748 190 1777 147

424 101 614 138 PLINY:
661 102 921 139 NATURAL
955 101 1188 139 HISTORY

218 208 383 241 invenio.
440 204 581 240 eadem
631 217 678 240 ex
728 204 910 240 omnibus
958 205 1053 240 satis
1103 203 1392 253 quadripedum

216 279 374 315 quoque
415 266 558 302 morbis
599 268 638 301 in
678 267 851 301 maximo
891 278 962 301 usu
1004 270 1078 308 est,
1119 267 1200 301 sive
1239 265 1394 302 difficile

216 328 455 376 spirantibus
477 329 558 363 sive
580 333 716 363 contra
738 325 1005 362 maleficorum
1029 326 1257 362 animalium
1279 329 1393 370 ictus,

219 388 345 425 infusa
359 401 428 438 per
443 401 556 425 nares
571 401 619 424 ex
634 390 723 424 vino
737 394 820 431 aut,
834 390 865 424 si
879 390 1161 437 sanguisugam
1175 386 1393 432 hauserint,

218 463 266 486 ex
293 456 420 493 aceto,
448 456 488 486 et
515 462 765 499 quocumque
791 451 830 485 in
855 449 969 486 simili
996 450 1221 486 morborum
1246 462 1395 499 genere

219 518 260 548 ut
283 514 321 547 in
343 511 502 548 homine
523 517 761 560 temperata.

269 573 356 609 LII.
390 572 660 609 Mentastrum
702 572 889 609 silvestris
931 578 1068 608 menta
1109 578 1169 609 est
1210 571 1395 609 differens

217 637 347 684 specie
369 634 548 671 foliorum
573 647 675 683 quae
697 640 788 670 sunt
813 634 938 684 figura
962 636 1090 676 ocimi,
1114 633 1218 683 pulei
1242 634 1393 677 odore‚¹

219 702 380 745 propter
404 696 509 745 quod
535 695 696 745 quidam
721 695 900 732 silvestre
925 695 1100 745 puleium
1127 701 1280 732 vocant.
1336 695 1394 732 his

217 758 553 794 commanducatis
605 763 645 793 et
696 759 874 806 inpositis
924 759 1051 793 sanari
1104 755 1395 806 elephantiasin

220 818 357 869 Magni
403 817 564 868 Pompei
608 824 745 855 aetate
789 817 953 855 fortuito
995 818 1200 854 cuiusdam
1244 820 1396 868 experi-

220 887 356 917 mento
384 887 546 930 propter
573 880 763 929 pudorem
793 879 892 916 facie
921 880 1031 916 inlita
1059 886 1294 929 conpertum
1323 886 1395 917 est.

219 942 360 978 eadem
390 942 607 978 inlinuntur
636 942 906 991 bibunturque
935 941 1121 978 adversus
1150 944 1395 991 serpentium

221 1007 319 1040 ictus
351 1003 545 1040 drachmis
578 1003 730 1040 duabus
763 1006 801 1039 in
835 1006 910 1039 vini
944 1002 1097 1054 cyathis
1131 1003 1299 1047 duobus,
1330 1003 1396 1040 ad-

219 1078 351 1101 versus
399 1067 646 1114 scorpionum
695 1078 782 1101 cum
831 1065 926 1109 sale,
973 1065 1074 1109 oleo,
1122 1071 1250 1109 aceto,
1297 1067 1396 1102 item

219 1127 405 1163 adversus
434 1126 710 1176 scolopendras
740 1129 798 1163 ius
827 1126 993 1163 decocti.
1050 1126 1236 1163 adversus
1265 1128 1398 1163 omnia

219 1201 371 1224 venena
411 1195 618 1225 servantur
659 1188 750 1224 folia
790 1188 900 1224 arida
939 1188 989 1224 ad
1029 1187 1180 1224 farinae
1219 1188 1394 1225 modum.

218 1251 463 1287 substratum
502 1250 561 1286 vel
600 1263 808 1286 accensum
846 1249 960 1300 fugat
999 1252 1121 1286 etiam
1157 1252 1393 1299 scorpiones.

219 1318 356 1360 potum
394 1311 560 1348 feminas
597 1318 754 1361 purgat,
791 1311 861 1348 sed
898 1317 1033 1360 partus
1071 1318 1200 1348 necat.
1255 1314 1396 1361 ruptis,

218 1373 423 1416 convulsis,
474 1373 752 1422 orthopnoicis,
804 1374 1050 1417 torminibus,
1101 1372 1266 1410 choleris
1317 1373 1397 1409 effi-

219 1437 478 1478 cacissimum,
498 1437 595 1471 item
617 1434 772 1478 lumbis,
795 1435 978 1485 podagris
999 1437 1226 1484 inpositum.
1281 1448 1395 1472 sucus

219 1497 377 1532 auribus
404 1499 631 1533 verminosis
658 1496 882 1533 instillatur.
939 1499 978 1532 in
1002 1499 1111 1546 regio
1137 1497 1273 1533 morbo
1298 1497 1395 1533 bibi-

220 1564 296 1601 tur,
317 1560 475 1594 strumis
498 1558 687 1601 inlinitur,
708 1561 859 1594 somnia
881 1560 1033 1594 veneris
1054 1557 1222 1601 inhibet,
1242 1560 1396 1595 taenias

219 1619 329 1669 pellit
361 1633 409 1656 ex
440 1625 554 1656 aceto
583 1625 736 1669 potum,
765 1625 903 1656 eontra
933 1622 1171 1670 porriginem
1203 1633 1251 1656 ex
1281 1625 1396 1656 aceto

220 1680 440 1717 infunditur
465 1684 583 1731 capiti
612 1684 650 1717 in
677 1681 770 1718 sole.

270 1742 381 1779 LIII.
415 1742 581 1779 Mentae
601 1745 720 1792 ipsius
740 1742 836 1779 odor
855 1745 1030 1779 animum
1051 1745 1200 1779 excitat
1221 1749 1262 1779 et
1280 1756 1396 1792 sapor

237 1828 403 1901 ocidOdOFe
427 1828 586 1868 Maylzoffi
611 1828 809 1860 Cormrium
826 1831 853 1859 et
872 1827 1092 1859 Dioscoridem
1109 1832 1256 1859 secutus:
1289 1828 1396 1859 colore

221 1880 236 1901 c
302 1896 308 1902 .

220 2020 242 2055 8
583 1977 598 1993 ⁰
621 1975 649 2005 A
672 1974 753 2005 kind
776 1973 815 2005 of
832 1974 1030 2015 multipeda.

244 2032 266 2063 4
