1469 2299
68 729 124 760 158

65 1434 124 1464 159

67 1817 125 1848 160

360 109 553 145 PLINY:
599 108 859 145 NATURAL
892 108 1126 146 HISTORY

152 213 327 262 prodest,
347 214 525 261 spasticis
546 224 636 247 cum
657 210 774 247 melle
796 217 837 247 et
857 210 939 247 sale
959 211 1177 247 bibendum
1197 211 1329 254 datur,

152 277 382 326 pulmonum
416 278 511 311 vitia
545 275 783 311 excreabilia
815 273 922 311 facit.
979 274 1029 311 ad
1061 274 1206 311 lienem
1239 288 1328 311 curn

153 340 232 377 sale
254 340 351 376 utile
382 346 441 376 est
463 345 504 376 et
534 341 687 375 vesicae
709 344 750 375 et
781 340 955 388 suspiriis
977 344 1017 374 et
1048 338 1329 382 inflationibus,

154 404 362 441 decoctum
380 416 472 440 suco
491 403 725 452 aequaliter,
745 408 785 439 et
804 402 937 439 vulvas
956 404 1115 452 corrigit
1135 408 1175 439 et
1193 409 1331 440 contra

152 468 451 517 scolopendram
486 473 719 503 terrestrem
754 466 816 502 vel
852 469 1060 510 marinam,
1095 468 1193 503 item
1229 480 1330 503 scor-

152 535 302 581 piones,
334 534 599 581 privatimque
632 530 739 567 valet
770 536 908 567 contra
940 529 1108 566 hominis
1141 544 1327 568 morsum.

153 596 263 632 radix
285 602 422 632 contra
445 597 704 631 increscentia
726 594 858 631 ulcera
880 607 1016 631 recens
1038 597 1330 644 potentissima,

153 660 261 696 arida
287 673 378 696 vero
404 660 650 696 cicatricibus
676 658 860 696 decorem
887 657 1030 695 adfert.

203 723 306 760 LVI.
338 724 441 760 Item
477 723 608 772 puleio
643 729 703 759 est
739 729 994 772 nepetaeque
1028 725 1208 760 societas.
1263 722 1330 760 de-

152 794 264 824 cocta
294 790 333 823 in
364 801 467 836 aqua
498 787 547 823 ad
577 789 718 824 tertias
749 787 968 823 discutiunt
999 786 1145 837 frigora
1174 787 1330 824 mulier-

153 865 299 901 umque
324 854 536 888 menstruis
562 857 726 900 prosunt
753 857 793 887 et
820 856 976 887 aestate
1001 851 1144 887 sedant
1168 851 1329 888 calores.

152 922 301 965 nepeta
321 929 479 965 quoque
500 918 600 952 vires
620 921 757 951 contra
777 920 984 964 serpentes
1004 914 1139 952 habet.
1178 914 1331 952 fumum

154 993 202 1016 ex
224 993 271 1016 ea
298 979 557 1028 nidoremque
578 979 752 1029 fugiunt,
772 979 922 1029 quarel
944 984 985 1016 et
1011 979 1266 1016 substernere
1292 982 1331 1017 in

152 1050 264 1080 metu
303 1057 349 1080 eo
387 1043 614 1080 dormituris
655 1043 751 1080 utile
791 1050 863 1080 est.
918 1049 1009 1080 tusa
1047 1043 1236 1094 aegilopis
1274 1046 1331 1081 in-

152 1110 312 1157 ponitur
337 1114 377 1144 et
403 1110 544 1157 capitis
570 1107 768 1144 doloribus
795 1120 931 1144 recens
956 1121 1046 1144 cum
1071 1110 1193 1144 tertia
1216 1114 1331 1157 parte

152 1174 264 1221 panis
296 1178 524 1221 temperata
556 1177 671 1208 aceto
702 1171 891 1208 inlinitur.
947 1185 1061 1208 sucus
1094 1174 1176 1209 eius
1208 1172 1331 1210 instil-

153 1236 256 1272 latus
302 1237 461 1272 naribus
500 1238 648 1285 supinis
694 1235 928 1285 profluvium
973 1238 1175 1286 sanguinis
1213 1238 1329 1282 sistit,

153 1302 251 1337 item
278 1300 389 1337 radix
417 1313 520 1349 quae
547 1314 637 1336 cum
663 1302 783 1350 myrti
810 1302 961 1337 semine
987 1302 1026 1336 in
1052 1314 1168 1350 passo
1193 1301 1331 1351 tepido

154 1367 403 1414 gargarizata
429 1367 582 1414 anginis
609 1364 805 1401 medetur.

204 1428 328 1464 LVII.
359 1428 570 1465 Cuminum
599 1434 659 1465 est
687 1434 727 1465 et
755 1428 948 1473 silvestre,
974 1434 1209 1478 praetenue,
1235 1442 1330 1479 qua-

152 1495 274 1529 ternis
303 1498 371 1528 aut
400 1495 528 1541 quinis
556 1492 656 1529 foliis
684 1492 807 1529 veluti
835 1495 1009 1536 serratis,
1035 1493 1106 1530 sed
1132 1499 1177 1530 ut
1204 1495 1330 1531 sativo

152 1569 319 1606 magnus
346 1570 452 1599 usus,
480 1559 518 1592 in
544 1556 736 1593 stomachi
764 1559 976 1606 praecipue
1002 1557 1199 1594 remediis.
1254 1558 1330 1595 dis-

152 1623 252 1657 cutit
276 1623 456 1670 pituitas,
481 1620 704 1658 inflationes
728 1623 868 1658 tritum
894 1627 935 1658 et
959 1634 1048 1658 cum
1071 1634 1175 1671 pane
1199 1635 1330 1672 sump-

151 1691 238 1721 tum
261 1684 323 1720 vel
345 1691 484 1733 potum
509 1698 556 1721 ex
581 1698 684 1734 aqua
706 1687 891 1734 vinoque,
913 1688 1085 1722 tormina
1106 1699 1265 1735 quoque
1288 1692 1330 1723 et

152 1751 430 1785 intestinorum
463 1748 629 1785 dolores.
684 1755 961 1786 verumtamen
991 1762 1109 1786 omne
1138 1749 1329 1799 pallorem

151 1815 279 1862 gignit
311 1813 552 1849 bibentibus.
608 1814 665 1849 ita
696 1818 805 1849 certe
836 1812 970 1850 ferunt
1002 1811 1112 1850 Porci
1145 1813 1328 1851 Latronis

163 1924 208 1998 Ul
235 1935 338 2008 quffe
386 1925 592 1957 coniectura:
646 1926 760 1966 qualia
797 1926 888 1958 codd.
936 1930 964 1958 et
1002 1926 1189 1967 Detlessen:
1243 1928 1325 1968 quin

156 1981 168 1998 Α
198 1978 240 2007 ay
253 1979 282 1999 w
313 1992 320 1999 .

151 2039 196 2074 92
