1469 2299
144 555 183 585 25

414 127 602 164 PLINY:
646 126 908 163 NATURAL
944 126 1180 164 HISTORY

211 230 342 273 melle,
372 242 510 266 semen
541 242 678 265 eorum
715 234 867 265 tostum
905 231 1114 278 ipsumque
1145 230 1385 268 conmandu-

211 289 359 326 catum,
388 283 564 332 adligato
592 281 769 331 raphano
798 295 943 331 aquam
971 281 1072 319 foliis
1101 285 1184 319 eius
1213 283 1386 320 decoctis

210 338 346 372 bibere
375 336 435 372 vel
464 349 601 372 sucum
628 338 749 384 ipsius
777 334 932 384 cyathis
960 336 1060 372 binis
1089 341 1227 372 contra
1254 336 1386 386 phthi-

210 393 345 432 riases,
380 389 610 439 phlegmoni
646 391 750 438 ipsos
787 388 953 424 inlinere
988 394 1112 432 tusos,
1148 389 1258 426 livori
1294 403 1387 427 vero

210 445 360 479 recenti
385 445 572 479 corticem
596 455 684 478 cum
708 441 840 485 melle,
864 444 1082 478 veternosis
1106 448 1243 479 autem
1267 456 1386 492 quam

210 499 419 532 acerrimos
449 495 652 539 mandere,
682 507 900 544 semenque
928 500 1094 539 tostum,
1122 495 1215 532 dein
1243 500 1387 533 contri-

208 555 294 586 tum
316 563 404 585 cum
426 549 542 585 melle
564 551 795 597 suspiriosis.
850 548 971 585 iidem
999 554 1041 585 et
1067 555 1205 585 contra
1232 563 1385 586 venena

211 608 388 651 prosunt,
422 604 584 638 cerastis
619 607 661 638 et
694 602 963 651 scorpionibus
997 601 1386 647 adversantur,—vel

210 659 294 705 ipso
319 656 379 692 vel
403 658 554 692 semine
579 655 736 691 infectis
760 656 942 691 manibus
966 658 1115 705 inpune
1139 659 1386 700 tractaveris,

209 712 461 758 inpositoque
514 708 691 758 raphano
738 710 962 758 scorpiones
1009 710 1387 747 moriuntur—salu-

209 768 314 799 tares
353 769 393 799 et
430 768 568 798 contra
604 762 817 811 fungorum
854 767 925 798 aut
965 761 1195 812 hyoscyami
1233 777 1386 801 venena

209 822 345 865 atque,
365 821 408 851 ut
428 815 626 851 Nicander
644 815 781 859 tradit,
800 820 842 852 et
859 821 996 851 contra
1015 819 1251 866 sanguinem
1268 820 1384 854 tauri.

209 876 346 905 contra
376 872 524 905 viscum
556 881 716 918 quoque
747 869 830 905 dari
862 869 1091 918 Apollodori
1123 869 1201 906 duo
1231 871 1386 915 iubent,

208 923 278 958 sed
293 923 443 959 Citieus
462 935 599 959 semen
620 935 668 958 ex
689 935 794 971 aqua
809 923 1215 965 tritum‚Tarentinus
1235 938 1384 961 sucum.

209 976 354 1012 lienem
371 978 469 1012 item
488 982 725 1019 extenuant,
742 978 902 1012 iocineri
920 982 1086 1025 prosunt
1104 983 1145 1013 et
1162 977 1386 1014 lumborum

209 1029 422 1072 doloribus,
458 1028 683 1079 hydropicis
719 1042 879 1078 quoque
916 1042 965 1065 ex
1002 1035 1117 1066 aceto
1153 1036 1224 1067 aut
1259 1033 1385 1081 sinapi

208 1085 356 1132 sumpti
376 1089 416 1119 et
435 1082 661 1132 lethargicis
681 1088 721 1118 et
739 1082 1003 1119 comitialibus
1021 1089 1063 1119 et
1080 1083 1384 1122 melancholicis.

143 1147 149 1154 ·
209 1134 453 1186 Praxagoras
488 1142 529 1172 et
562 1136 680 1172 iliosis
713 1136 865 1173 dandos
898 1142 1049 1180 censet,
1080 1135 1314 1175 Plistonicus
1344 1144 1386 1175 et

207 1189 399 1226 coeliacis.
455 1192 736 1226 intestinorum
789 1192 911 1226 etiam
964 1190 1095 1226 ulcera
1146 1197 1290 1228 sanant
1341 1205 1385 1229 ac

207 1243 421 1292 purulenta
462 1243 797 1292 praecordiorum,
838 1246 867 1280 si
910 1257 1000 1280 cum
1040 1244 1158 1280 melle
1200 1245 1382 1282 edantur.

208 1296 369 1345 quidam
391 1296 441 1333 ad
467 1296 565 1333 haec
585 1309 756 1346 coquere
778 1309 844 1333 eos
871 1299 910 1332 in
936 1296 1048 1333 luto1
1075 1297 1242 1342 malunt,
1263 1301 1317 1335 sic
1343 1304 1385 1336 et

207 1349 375 1387 feminas
395 1353 567 1400 purgari.
621 1363 670 1386 ex
687 1355 801 1387 aceto
822 1355 892 1387 aut
913 1362 934 1386 e
953 1350 1071 1386 melle
1094 1354 1244 1401 sumpti
1263 1354 1384 1389 intes·

375 1452 387 1471 1
410 1453 484 1484 luto
504 1453 618 1483 inlitos
637 1453 808 1493 Mayhoff:
835 1454 869 1484 in
886 1451 959 1483 luto
974 1452 1091 1484 inlitos
1106 1452 1194 1484 codd.

251 1606 264 1621 ⁰
288 1604 347 1635 I.e.
370 1604 389 1616 “
404 1604 533 1635 horned
554 1604 684 1645 viper.'’

253 1646 264 1665 ὓ
287 1646 468 1683 Nicander,
488 1645 579 1677 Αἶρε.
598 1647 672 1683 330,
690 1647 765 1682 430,
782 1646 856 1677 527.

254 1693 264 1708 ⁶
288 1688 353 1719 For
380 1688 601 1720 melancholia
627 1699 681 1720 see
707 1689 739 1728 ἐξ
756 1689 808 1725 65,
836 1690 877 1720 93
904 1689 971 1720 and
999 1693 1080 1720 note
1107 1700 1149 1721 on
1177 1691 1291 1729 §227;
1331 1690 1383 1722 for

209 1731 376 1771 lethargus
393 1742 445 1762 see
464 1733 720 1768 Introduction,
738 1742 770 1772 p.
789 1733 857 1763 xiv.

252 1775 266 1793 ἀ
291 1777 317 1806 Α
337 1786 452 1806 severe
470 1776 551 1807 kind
571 1775 609 1807 of
623 1775 717 1806 colic.
764 1776 824 1808 See
843 1775 958 1807 Celsus
976 1776 1036 1807 IV.
1055 1777 1108 1811 20,
1130 1778 1157 1808 l.

249 1823 260 1836 ι
282 1818 309 1849 Α
330 1818 459 1849 disease
478 1818 517 1849 of
531 1818 590 1849 the
611 1818 744 1849 bowels.
791 1818 852 1850 See
871 1819 986 1850 Celsus
1004 1819 1064 1850 IV.
1088 1821 1138 1856 19,
1161 1821 1188 1851 l.

243 1859 258 1883 s
277 1861 474 1892 Praecordia
504 1871 583 1902 may
613 1871 712 1892 mean
728 1873 735 1892 ε
779 1863 826 1901 (l)
849 1861 908 1892 the
938 1861 1051 1898 chest;
1094 1863 1141 1902 (2)
1170 1862 1229 1894 the
1266 1863 1379 1904 region

204 1914 285 1933 over
303 1903 362 1934 the
381 1903 601 1944 diaphragm;
635 1905 682 1943 (3)
701 1903 760 1934 the
779 1906 848 1934 two
871 1903 1128 1944 hypochondria
1145 1905 1179 1935 in
1195 1905 1253 1936 the
1272 1916 1380 1947 upper

203 1946 371 1977 abdomen
390 1946 495 1977 below
508 1947 566 1977 the
578 1946 658 1977 ribs.
689 1947 779 1977 Here
790 1947 849 1977 the
861 1947 935 1978 first
948 1948 1105 1988 meaning
1120 1949 1148 1978 is
1164 1952 1254 1979 most
1264 1948 1378 1990 likely,

204 1999 240 2020 as
257 1990 277 2001 ‘⁵
292 1989 399 2020 ulcers
414 1989 453 2020 of
464 1989 523 2020 the
540 1989 718 2021 intestines
732 1989 751 2002 ”
776 1989 865 2021 have
882 1990 954 2030 just
973 1990 1057 2021 been
1076 1991 1284 2023 mentioned.

208 2062 251 2097 16
