1469 2299
70 695 129 725 160

70 1122 125 1153 161

71 1336 128 1367 162

357 106 551 144 PLINY:
598 107 858 145 NATURAL
892 107 1125 145 HISTORY

156 214 302 258 putant
318 223 389 245 usu
407 212 490 245 eius
507 209 708 258 quandam
725 212 780 246 ita
796 212 967 259 gratiam
984 209 1042 245 his
1060 223 1327 259 veneremque

155 263 365 298 conciliari.
421 263 656 299 adtribuunt
683 269 724 299 et
749 262 959 299 hilaritatis
985 262 1171 300 effectum
1197 264 1326 300 eidem

156 322 276 365 potae
294 319 333 352 in
351 319 440 352 vino
459 329 631 365 eumque
650 329 769 365 quem
787 316 973 352 habuerit
991 316 1215 366 nepenthes
1232 317 1327 353 illud

156 369 431 418 praedkffltuni
465 371 515 406 ab
550 371 737 413 lhnnch
770 384 848 419 quo
882 372 1045 406 trsstuja
1076 372 1203 406 onnus
1235 371 1324 407 abo-

155 422 317 459 leretur.
375 429 435 459 est
481 429 617 459 autem
662 426 741 460 suci
789 423 1023 472 praedulcis.
1079 423 1242 473 prodest
1288 430 1329 460 et

155 475 422 525 orthopnoicis
457 477 567 512 radix
603 479 686 513 eius
720 479 759 513 in
793 490 896 526 aqua
930 479 1070 513 ieiunis
1103 483 1212 526 pota.
1268 483 1327 513 est

157 535 294 566 auten]
327 530 636 566 caruhda.intus
670 536 711 566 et
744 530 880 567 duhfis.
936 531 1084 567 bssntur
1118 536 1159 567 et
1191 537 1328 566 contra

156 586 403 631 serpenthun
434 586 535 619 ictus
568 597 615 620 ex
648 586 748 620 tino.
805 596 936 620 rnures
967 597 1127 633 quoque
1157 587 1327 620 contnta

157 637 302 672 duntur
328 650 482 673 necare.

206 690 332 726 XCII.
364 691 643 727 Habrotonum
689 690 857 726 duorum
903 690 1076 726 traditur
1120 703 1327 740 generum.

156 749 380 792 campestre
396 757 441 780 ac
455 750 703 780 montanum.
759 743 831 780 hoc
847 743 1051 783 feminam,
1067 743 1163 780 illud
1179 757 1326 780 marem

156 797 333 846 intellegi
377 797 526 834 volunt.
583 797 807 833 amaritudo
849 796 1020 833 absinthi
1064 799 1100 832 in
1145 803 1326 846 utroque.

155 849 329 886 Siculum
366 850 698 893 laudatissimum,
734 850 827 887 dein
865 850 1102 887 Galaticum.
1159 864 1250 887 usus
1288 857 1329 887 et

156 903 271 947 fiflfiffi
309 904 379 940 sed
417 907 541 940 rnahw
577 906 716 940 sennni
757 904 806 940 ad
845 903 1200 946 excastadendunn
1240 904 1328 940 ideo

156 960 285 993 nervis
323 957 434 999 utile,
472 960 584 999 tussi,
621 957 908 1007 orthopnoeae,
944 957 1152 1001 convulsis,
1190 960 1328 1006 ruptis,

157 1011 315 1054 lunstnffl
342 1013 478 1047 unnae
505 1014 711 1058 angusffiss.
777 1011 1327 1047 daturlnbendunixnanua-

155 1064 256 1100 libus
290 1064 485 1100 fasciculis
519 1065 693 1101 decoctis
726 1065 776 1101 ad
810 1066 949 1100 tertias
984 1070 1141 1113 partes;
1188 1077 1236 1101 ex
1271 1064 1328 1100 his

155 1120 360 1167 quaternis
381 1117 536 1168 cyathis
557 1119 718 1154 bibitur.
774 1118 894 1154 datur
914 1124 955 1154 et
976 1131 1113 1154 semen
1134 1123 1266 1154 tusum
1289 1121 1327 1153 in

156 1185 260 1220 aqua
286 1171 500 1208 drachmae
528 1172 716 1221 pondere.
773 1171 935 1221 prodest
963 1177 1005 1208 et
1032 1171 1184 1208 vulvae.
1239 1185 1327 1207 con-

155 1228 290 1274 coquit
331 1239 454 1274 panos
494 1239 583 1261 cum
625 1225 751 1261 farina
792 1224 1001 1262 hordeacia
1043 1230 1085 1261 et
1125 1224 1327 1261 oculorum

155 1278 457 1315 inflammationi
500 1279 678 1315 inlinitur
717 1284 886 1315 cotoneo
927 1278 1030 1315 malo
1069 1284 1194 1315 cocto.
1250 1292 1327 1315 ser-

156 1338 297 1380 pentes
322 1332 449 1382 fugat.
505 1338 642 1368 contra
666 1335 767 1369 ictus
792 1345 929 1369 earum
953 1333 1103 1368 bibitur
1125 1345 1215 1368 cum
1239 1334 1328 1368 vino

156 1385 428 1435 inliniturque,
445 1386 756 1422 efficacissimum
772 1391 911 1423 contra
927 1398 975 1422 ea
990 1399 1159 1434 quorum
1175 1398 1329 1422 veneno

155 1445 349 1475 tremores
376 1445 417 1476 et
443 1439 566 1487 frigus
593 1440 792 1482 accidunt,
819 1445 863 1475 ut
889 1441 1138 1488 scorpionum
1165 1444 1207 1475 et
1233 1438 1326 1488 pha-

157 1492 392 1542 langhnwnn,
426 1499 467 1529 et
499 1499 637 1529 contra
669 1506 823 1529 venena
855 1493 930 1528 aha
963 1498 1058 1541 pota
1090 1492 1254 1541 prodest
1286 1499 1327 1529 et

157 1560 316 1595 quoquo
337 1546 455 1583 modo
476 1547 703 1597 algentibus
726 1553 765 1583 et
787 1547 837 1582 ad
859 1545 1109 1582 extrahenda
1130 1559 1177 1582 ea
1191 1547 1204 1569 1
1225 1559 1328 1596 quae

202 1617 211 1635 ¹
237 1617 430 1657 algentibus
457 1622 491 1648 et
519 1617 561 1647 ad
591 1617 803 1647 extrahenda
831 1627 867 1646 ea
900 1616 1084 1656 Dellessen:
1125 1615 1328 1656 algentibus.

159 1660 210 1731 His
227 1661 258 1732 eli
271 1654 305 1690 et
319 1659 523 1733 ZZtrahendi
538 1671 578 1691 ea
596 1660 768 1700 Mayhoff:
797 1663 849 1690 est
864 1663 910 1695 et,
925 1662 988 1695 est,
1004 1662 1050 1695 ct,
1066 1663 1101 1689 et
1116 1658 1158 1689 ad
1174 1663 1202 1690 el
1216 1663 1327 1689 extra-

182 1713 260 1733 eml
282 1713 317 1733 co
365 1727 372 1734 .

201 1786 216 1800 ⁰
239 1783 384 1823 Odys-seps
406 1783 464 1814 IV.
489 1784 548 1814 221
566 1783 600 1814 ff.

204 1826 216 1844 ¹⁷
239 1826 310 1856 The
332 1826 537 1857 translation
566 1826 683 1856 makes
710 1826 857 1865 effectum
885 1825 944 1855 the
971 1824 1177 1855 antecedent
1203 1827 1241 1855 to
1269 1835 1331 1864 quo

156 1869 223 1899 and
239 1869 418 1900 aboleretur
437 1873 473 1899 to
496 1869 536 1900 be
556 1869 637 1899 final
658 1879 695 1899 or
715 1869 943 1899 consecutive.
990 1868 1024 1898 It
1044 1868 1071 1898 is
1091 1867 1163 1897 also
1184 1867 1330 1907 possible

157 1915 194 1942 to
223 1911 402 1948 translate,
433 1911 513 1952 “by
538 1911 646 1942 which
676 1911 722 1941 all
749 1921 873 1942 sorrow
905 1921 972 1941 was
1002 1909 1203 1945 banished‚”
1232 1910 1329 1941 when

156 1954 216 1985 the
232 1954 437 1985 antecedent
459 1955 570 1985 would
595 1954 635 1985 be
657 1954 831 1994 nepenthes
852 1953 920 1984 and
942 1953 1001 1984 the
1022 1953 1242 1993 subjunctive
1264 1952 1330 1984 due

158 2000 194 2027 to
214 1997 341 2028 virtual
357 1998 468 2028 oratio
485 1997 636 2038 obliqua.

159 2053 229 2087 274
