1469 2299
109 849 148 879 53

110 1276 149 1305 54

379 101 542 138 PLINY
559 114 566 137 :
611 98 872 136 NATURAL
906 97 1141 135 HISTORY

173 205 304 252 tisque
341 215 548 252 corporum
585 202 778 250 partibus,
816 199 878 237 vel
913 202 946 236 si
982 202 1022 236 in
1060 202 1206 236 vesicas
1244 202 1346 236 intu—

173 259 358 293 muerint.
417 258 510 305 quin
532 261 573 291 et
593 255 726 291 suffitu
747 267 794 290 eo
817 255 967 290 evocari
995 252 1188 289 secundas
1211 258 1347 302 partus

175 312 379 346 existimat
407 310 684 358 Hippocrates,
711 310 842 344 cinere
869 309 952 343 eius
979 319 1068 343 cum
1095 306 1182 342 oleo
1208 309 1348 355 capitis

176 363 307 399 ulcera
329 365 533 399 manantia
556 364 717 398 sanitati
742 363 969 397 restituens.
1024 362 1242 409 suspiriosis
1264 373 1347 396 coc-

174 422 274 458 tum,
309 416 426 465 aliqui
462 415 627 452 crudum
661 414 700 451 id
734 414 897 457 dedere,
932 413 1090 450 Diocles
1125 412 1348 463 hydropicis

174 483 264 506 cum
297 471 501 505 centaurio
535 474 604 504 aut
637 470 676 503 in
710 467 782 504 fico
815 466 958 516 duplici
994 466 1042 503 ad
1078 467 1348 503 evacuandam

175 523 319 564 alvum,
343 522 448 571 quod
471 522 664 558 efficacius
688 526 867 569 praestat
889 519 1011 556 viride
1033 533 1122 556 cum
1145 519 1349 556 coriandro

174 578 213 612 in
240 589 349 612 mero
376 581 528 624 potum,
554 577 772 623 suspiriosis
799 574 917 623 aliqui
946 579 988 610 et
1012 576 1153 609 tritum
1179 575 1218 609 in
1245 573 1348 609 lacte

175 629 385 666 dederunt.
426 628 671 678 Praxagoras
686 633 727 664 et
740 633 878 664 contra
893 627 1075 663 morbum
1091 629 1244 676 regium
1261 629 1349 663 vino

174 685 332 719 miscuit
355 688 396 718 et
418 688 555 719 contra
577 682 699 717 ileum
720 684 760 717 in
782 681 869 717 oleo
892 686 934 717 et
957 680 1082 729 pulte,
1105 682 1158 716 sic
1181 680 1348 716 inlinens

175 738 334 772 strumis
374 748 544 784 quoque.
600 737 754 784 antiqui
793 739 835 771 et
872 734 1160 770 insanientibus
1199 733 1350 769 dabant

174 789 353 831 crudum,
375 789 532 825 Diocles
552 787 792 838 phreneticis
813 787 972 824 elixum.
1028 792 1166 823 contra
1186 789 1350 837 anginas

176 845 315 879 tritum
350 845 386 878 in
419 855 537 891 posca
568 843 804 891 gargarizari
840 840 1013 889 prodest.
1069 840 1250 876 dentium
1283 840 1350 876 do-

176 895 299 932 lorem
322 897 447 932 tribus
471 896 666 944 capitibus
688 897 728 931 in
752 900 866 930 aceto
889 896 992 931 tritis
1014 896 1212 937 inminuit,
1236 893 1295 930 vel
1319 896 1349 930 si

176 949 327 986 decocti
355 963 457 998 aqua
486 949 722 985 conluantur
751 948 1003 997 addaturque
1032 949 1160 996 ipsum
1187 949 1225 983 in
1255 960 1351 983 cava

176 1003 369 1039 dentium.
426 1003 584 1039 auribus
607 1004 729 1039 etiam
751 1001 965 1037 instillatur
985 1014 1100 1037 sucus
1122 1014 1211 1036 cum
1234 1000 1350 1049 adipe

176 1059 370 1092 anserino.
426 1055 662 1105 phthiriases
679 1060 721 1091 et
735 1057 953 1104 porrigines
968 1059 1122 1103 potum,
1137 1056 1234 1090 item
1251 1053 1350 1090 infu-

176 1123 261 1146 sum
283 1123 372 1146 cum
394 1115 508 1145 aceto
530 1115 571 1145 et
593 1112 695 1145 nitro
716 1111 931 1157 conpescit,
952 1107 1240 1144 destillationes
1261 1121 1350 1144 cum

176 1163 279 1199 lacte
311 1168 467 1199 coctum
499 1162 559 1198 vel
591 1165 730 1198 tritum
762 1164 1055 1211 permixtumve
1085 1174 1200 1198 caseo
1231 1161 1351 1204 molli,

177 1230 255 1265 quo
283 1229 431 1265 genere
461 1222 502 1252 et
531 1218 768 1252 raucitatem
798 1220 994 1251 extenuat
1022 1214 1083 1251 vel
1111 1217 1151 1250 in
1180 1216 1252 1264 pisi
1281 1220 1350 1251 aut

176 1269 292 1306 fabae
325 1271 552 1306 sorbitione.
619 1272 656 1305 in
690 1274 819 1305 totum
860 1274 996 1305 autem
1028 1273 1185 1304 coctum
1217 1268 1350 1304 utilius

178 1329 237 1359 est
261 1323 381 1360 crudo
405 1323 633 1372 elixumque
655 1328 773 1359 tosto.
829 1325 882 1358 sic
905 1327 947 1358 et
969 1324 1051 1358 voci
1074 1321 1161 1371 plus
1183 1321 1349 1358 confert.

177 1379 330 1412 taenias
364 1382 406 1413 et
438 1377 590 1426 reliqua
623 1375 807 1412 animalia
839 1378 1134 1412 interaneorum
1168 1375 1280 1424 pellit
1312 1377 1350 1411 in

177 1436 291 1466 aceto
330 1430 455 1466 mulso
494 1435 664 1473 coctum,
704 1435 885 1465 tenesmo
924 1431 963 1465 in
1002 1428 1113 1478 pulte
1153 1428 1350 1472 medetur,

177 1489 403 1532 temporum
447 1483 645 1520 doloribus
690 1483 867 1518 inlinitur
911 1482 1072 1525 elixum,
1117 1487 1159 1518 et
1203 1482 1350 1531 pusulis

176 1542 346 1580 coctum,
374 1536 518 1573 deinde
547 1550 636 1573 cum
663 1536 781 1572 melle
808 1538 963 1579 tritum,
991 1537 1088 1572 tussi
1116 1548 1206 1572 cum
1234 1535 1350 1584 adipe

177 1595 335 1626 vetusto
355 1590 564 1627 decoctum
584 1590 644 1626 vel
663 1603 753 1626 cum
772 1589 875 1626 lacte
896 1595 979 1633 aut,
999 1591 1029 1625 si
1049 1591 1208 1639 sanguis
1229 1591 1350 1626 etiam

221 1725 235 1739 ‘²
258 1720 348 1751 Colic
364 1720 402 1751 of
414 1731 433 1750 a
448 1730 563 1751 severe
580 1719 673 1750 kind.

222 1763 234 1782 ⁶
257 1763 291 1794 It
322 1764 348 1794 is
379 1763 464 1793 hard
493 1766 531 1793 to
561 1763 679 1793 decide
709 1762 861 1792 whether
893 1762 1096 1799 phreneticus
1125 1762 1204 1792 here
1234 1772 1350 1792 means

178 1807 197 1818 “
207 1807 328 1846 raving
339 1806 359 1817 ''
376 1806 560 1846 generally,
572 1816 608 1836 or
622 1804 771 1835 whether
782 1805 808 1834 it
819 1805 921 1835 refers
934 1808 971 1835 to
985 1805 1045 1836 the
1059 1805 1137 1835 mad
1149 1804 1303 1835 delirium
1316 1805 1354 1835 of

176 1847 325 1889 φρενῖτις,
350 1859 369 1879 a
389 1848 537 1879 virulent,
559 1848 647 1879 form
671 1848 709 1879 of
729 1848 870 1878 malaria
892 1847 1058 1878 attended
1082 1847 1163 1878 with
1182 1846 1348 1879 delirium.

176 1893 222 1923 As
253 1891 496 1922 insanientibus
523 1901 641 1922 occurs
668 1891 703 1922 in
730 1890 790 1921 the
818 1891 976 1931 previous
1004 1895 1163 1921 sentence
1191 1894 1243 1928 (=
1271 1890 1349 1921 mad

175 1933 373 1975 generally),
388 1934 446 1964 the
465 1933 589 1964 second
609 1934 768 1975 meaning
786 1933 814 1964 is
834 1943 926 1964 more
945 1933 1109 1974 probable
1127 1933 1216 1964 here.

223 1982 234 1996 ⁶
260 1977 382 2017 Honey
400 1976 468 2007 and
488 1978 637 2017 vinegar.

179 2041 222 2077 32
