1469 2299
111 331 169 364 167

114 888 173 919 168

114 1135 175 1166 169

118 1750 179 1781 170

400 101 594 139 PLINY:
640 103 901 139 NATURAL
934 103 1165 141 HISTORY

197 206 346 242 bibitur
367 208 406 241 in
427 204 649 241 lumborum
670 204 869 241 doloribus
890 219 935 242 ac
955 205 1137 255 paralysi.
1193 206 1374 243 dentium

200 267 352 303 dolores
381 267 495 303 sedat
524 269 662 303 tritum
693 280 741 302 ex
771 272 884 303 aceto
913 280 1048 303 semen
1078 267 1137 303 vel
1166 268 1372 305 decoctum

198 328 257 364 vel
291 328 531 364 manducata
562 328 685 364 radix.
736 327 963 365 ‘infunditur
995 334 1036 364 et
1068 331 1220 365 aurium
1252 329 1371 366 dolori

199 390 407 426 decoctum
446 389 544 426 oleo.
600 390 731 426 ulcera
770 403 873 439 quae
911 388 1194 439 phagedaenas
1234 398 1373 428 vocant

199 451 291 487 folia
333 457 373 488 et
414 451 523 487 radix
568 464 702 487 recens
743 465 831 487 cum
874 451 991 487 melle
1031 457 1186 488 sanant.
1241 455 1295 488 sic
1335 459 1375 490 et

199 519 369 549 strumas
388 513 550 549 discutit
569 513 694 556 radix,
713 513 915 562 parotidas
934 513 1246 562 vermiculosque
1264 520 1375 550 cocta

201 577 239 610 in
272 588 386 623 aqua.
443 577 621 610 iocineris
655 574 853 610 doloribus
887 580 975 610 tusa
1009 587 1096 610 cum
1134 574 1255 610 farina
1291 575 1374 611 1101·-

199 636 338 672 (163613
375 638 587 685 inponitur.
646 638 797 672 vesicae
835 649 993 685 quoque
1030 636 1141 671 malis
1179 636 1374 673 medetur.

200 697 298 733 dant
321 703 362 734 et
385 697 434 734 ad
456 700 610 734 taenias
634 700 671 733 in
694 703 808 734 aceto
831 703 871 734 et
895 697 1024 733 melle.
1080 699 1154 733 oris
1179 698 1377 734 exulcera-

201 761 329 796 tiones
365 761 404 794 in
440 764 554 795 aceto
588 759 754 795 decocta
789 758 904 795 tollit.
959 758 1163 795 stomacho
1199 759 1376 796 inutilem

201 833 285 857 esse
313 823 418 857 inter
445 826 624 857 auctores
652 823 848 857 convenit.

252 882 334 918 LX.
366 882 785 932 Ligusticum—aliqui
832 895 1002 931 panaces
1041 888 1377 918 vocant—stoma-

200 943 273 981 cho
289 944 386 980 utile
409 950 482 987 est,
504 947 599 980 item
616 944 943 987 convolsionibus‚
965 943 1242 980 inflationibus.
1287 950 1376 981 sunt

203 1008 269 1055 qui
300 1012 341 1042 et
371 1005 541 1042 cunilam
572 1005 762 1042 bubulam
791 1005 1092 1055 appellaverint,
1123 1011 1167 1042 ut
1196 1005 1380 1049 diximus,

202 1067 312 1104 falso.

254 1129 360 1165 LXI.
393 1129 558 1165 Cunilae
608 1135 768 1178 praeter
814 1131 981 1165 sativam
1029 1128 1141 1178 plura
1189 1134 1281 1165 sunt
1339 1131 1377 1165 in

204 1191 399 1227 medicina
438 1204 597 1241 genera.
654 1203 756 1240 quae
794 1190 943 1227 bubula
982 1189 1205 1240 appellatur
1242 1203 1378 1226 semen

206 1253 310 1302 pulei
347 1252 468 1289 habet
507 1252 602 1289 utile
638 1252 688 1289 ad
722 1251 883 1289 vulnera
919 1251 1291 1288 commanducatum
1327 1255 1377 1288 in-

204 1317 390 1363 positum,
430 1320 473 1350 ut
514 1316 653 1363 quinto
691 1319 781 1363 post
820 1313 884 1350 die
923 1313 1107 1350 solvatur.
1165 1319 1206 1349 et
1244 1320 1379 1350 contra

205 1382 411 1425 serpentes
433 1378 472 1412 in
494 1378 583 1412 vino
604 1376 754 1412 bibitur
775 1388 819 1411 36
840 1377 981 1412 tritum
1001 1375 1144 1424 plagae
1167 1376 1378 1423 inponitur.

205 1437 368 1474 vulnera
397 1438 447 1474 ab
476 1436 535 1474 his
566 1437 672 1474 facta
702 1436 917 1486 persi-icant
948 1435 998 1458 Η
1031 1439 1129 1473 116111
1159 1436 1380 1473 testudines

205 1512 293 1535 cum
318 1499 568 1549 serpentibus
592 1505 858 1549 pugnaturae,
883 1498 1125 1547 quidamque
1150 1500 1187 1533 in
1212 1497 1285 1534 hoc
1308 1511 1380 1534 usu

205 1574 422 1610 panaceam
464 1567 618 1597 vocant.
674 1560 788 1597 sedat
831 1566 872 1596 et
913 1566 1089 1596 tumores
1131 1565 1172 1595 et
1214 1559 1379 1596 virilium

207 1623 309 1658 mala
327 1625 429 1659 sicca
445 1622 507 1659 vel
525 1621 625 1659 foliis
642 1624 761 1666 tritis,
778 1624 818 1658 in
835 1624 940 1658 omni
958 1635 1031 1658 usu
1048 1623 1146 1657 mire
1163 1634 1383 1671 congruens

206 1687 305 1721 vino.

258 1746 386 1782 LXII.
416 1746 487 1783 Est
508 1746 584 1782 alia
603 1746 746 1789 cunila,
767 1745 986 1796 gallinacea
1006 1744 1208 1794 appellata
1227 1746 1383 1787 nostris,

207 1808 367 1844 Graecis
413 1810 619 1858 origanum
669 1807 999 1843 Heracleoticum.
1054 1806 1216 1855 prodest
1265 1805 1383 1842 oculis

206 1871 301 1906 trita
331 1869 468 1906 addito
497 1869 591 1906 sale.
645 1871 786 1906 tussim
816 1881 975 1918 quoque
1005 1867 1194 1904 emendat
1224 1872 1266 1904 61
1294 1868 1384 1903 ioci-

658 1987 673 2002 0
696 1982 797 2014 XIX.
825 1983 838 2021 ς
856 1983 927 2013 165.

209 2029 255 2075 98
