1469 2299
107 249 167 280 133

110 680 170 710 134

111 1112 172 1142 135

399 141 592 178 PLINY:
640 141 900 178 NATURAL
934 141 1167 177 HISTORY

248 243 436 279 LXVIII.
467 243 715 279 Silvestrium
734 243 897 292 quidem
913 256 1130 292 prunorum
1148 243 1286 286 bacae,
1304 243 1367 279 vel

197 318 218 341 e
237 305 369 341 radice
388 311 541 348 cortex,
559 307 597 340 in
618 308 707 341 vino
727 311 886 340 austero
906 307 936 340 si
955 305 1233 353 decoquantur
1250 307 1307 340 ita
1325 310 1369 341 ut

197 370 320 403 triens
343 380 390 402 ex
412 366 573 403 hemina
593 369 780 415 supersit,
802 366 934 402 alvum
954 369 1101 402 sistunt
1122 372 1163 402 et
1184 369 1367 402 tormina.

197 431 293 464 satis
317 434 377 464 est
400 428 574 477 singulos
597 428 763 478 cyathos
786 428 941 464 decocti
963 430 1076 464 sumi.

250 489 394 526 LXIX.
426 490 478 526 Et
494 493 531 525 in
547 489 605 525 his
621 496 661 525 et
676 492 812 526 sativis
826 492 962 538 prunis
978 495 1039 525 est
1052 489 1168 526 limus
1184 490 1368 526 arborum

198 565 317 600 quem
355 552 496 587 Graeci
534 551 689 587 lichena
724 551 944 600 appellant,
979 550 1166 601 rhagadis
1203 557 1244 587 et
1279 565 1369 588 con-

202 613 416 663 dylomatis
440 616 538 649 mire
563 614 682 649 utilis.

252 675 374 710 LXX.
408 675 524 710 Mora
547 677 586 710 in
610 676 802 724 Aegypto
827 681 868 711 et
891 674 1024 725 Cypro
1047 677 1106 711 sui
1129 678 1302 724 generis,
1325 681 1371 711 ut

199 737 385 779 diximus,
440 737 550 786 largo
603 750 696 772 suco
750 736 959 772 abundant
1012 750 1167 773 summo
1221 739 1368 773 cortice

198 798 478 847 desquamato,
508 798 623 834 altior
650 798 769 848 plaga
797 801 899 834 sicca
927 803 988 834 est
1016 799 1185 834 mirabili
1214 804 1369 835 natura.

198 873 313 896 sucus
371 860 607 896 adversatur
663 863 827 896 venenis
884 863 1147 909 serpentium,
1204 861 1370 909 prodest

197 922 464 971 dysintericis,
496 922 662 958 discutit
693 935 817 971 panos
849 935 1070 971 omnesque
1101 922 1370 965 collectiones,

198 984 361 1019 vulnera
405 984 671 1033 conglutinat,
715 986 856 1033 capitis
899 983 1055 1020 dolores
1098 984 1228 1027 sedat,
1272 987 1371 1020 item

199 1048 365 1081 aurium.
422 1046 606 1094 splenicis
632 1046 784 1082 bibitur
810 1051 934 1094 atque
959 1045 1140 1081 inlinitur
1166 1051 1208 1082 et
1233 1052 1371 1082 contra

200 1106 491 1156 perfrictiones.
548 1107 754 1143 celerrime
788 1107 1013 1144 teredinem
1047 1110 1183 1143 sentit.
1239 1120 1371 1157 neque

199 1169 306 1217 apud
336 1182 405 1205 nos
435 1182 528 1205 suco
558 1171 686 1205 minor
716 1182 821 1206 usus.
878 1169 1113 1205 adversatur
1142 1172 1299 1206 aconito
1330 1175 1371 1206 et

198 1233 353 1266 araneis
408 1234 446 1266 in
501 1233 591 1266 vino
644 1237 775 1280 potus.
832 1231 963 1267 alvum
1017 1231 1147 1274 solvit,
1200 1234 1369 1280 pituitas

198 1295 435 1341 taeniasque
482 1299 523 1328 et
568 1293 710 1329 similia
754 1295 904 1329 ventris
949 1293 1135 1329 animalia
1180 1292 1369 1330 extrahit.

198 1353 271 1390 hoc
302 1354 409 1390 idem
440 1360 622 1403 praestat
654 1360 696 1391 et
725 1360 863 1391 cortex
895 1357 1027 1391 tritus.
1083 1354 1177 1391 folia
1207 1357 1371 1405 tingunt

198 1416 384 1465 capillum
413 1429 503 1452 cum
534 1416 594 1452 fici
624 1419 762 1466 nigrae
792 1422 835 1453 et
862 1419 953 1453 vitis
982 1416 1226 1453 corticibus1
1255 1417 1370 1453 simul

198 1480 319 1514 coctis
368 1491 472 1527 aqua
518 1478 695 1515 caelesti.
751 1481 858 1528 pomi
905 1481 1027 1527 ipsius
1074 1492 1190 1515 sucus
1238 1478 1370 1515 alvum

198 1539 314 1576 solvit
347 1542 539 1588 protinus.
596 1543 681 1589 ipsa
712 1553 831 1589 poma
862 1540 912 1577 ad
942 1553 1132 1589 praesens
1163 1540 1369 1577 stomacho

198 1601 310 1637 utilia
334 1601 588 1651 refrigerant,
609 1604 717 1638 sitim
739 1601 904 1638 faciunt.
959 1605 990 1638 si
1013 1615 1091 1638 non
1113 1605 1371 1651 superveniat

197 1663 295 1699 alius
321 1664 445 1705 cibus,
472 1666 758 1700 intumescunt.
815 1677 863 1699 ex
889 1666 1098 1700 inmaturis
1124 1677 1240 1700 sucus
1265 1666 1370 1700 sistit

197 1725 343 1768 alvum,
368 1725 491 1761 veluti
517 1725 697 1761 animalis
723 1725 886 1762 alicuius
910 1728 950 1761 in
974 1725 1048 1761 hac
1072 1726 1212 1762 arbore
1236 1726 1369 1762 obser-

198 1787 335 1823 vandis
359 1787 556 1823 miraculis
580 1800 683 1836 quae
706 1789 745 1823 in
768 1793 913 1823 natura
937 1789 1020 1824 eius
1043 1787 1226 1823 diximus.

290 1870 301 1888 ¹
326 1869 507 1900 corticibus
529 1869 581 1900 dE
605 1870 701 1910 vzaelq„
719 1869 904 1912 Dellessen:
933 1871 1099 1901 corticeve
1122 1870 1283 1910 Mayhoff.

317 1970 331 1984 ‘¹
356 1966 451 1997 Book
470 1967 570 1997 XIII,
588 1967 620 2007 §§
638 1968 678 1998 56
696 1967 730 1998 ff.
906 1966 917 1985 '²
941 1967 1001 1998 See
1019 1967 1113 1998 XVI.
1131 1966 1146 2007 ξ
1166 1967 1235 1998 182.

607 2015 618 2028 ⁶
641 2010 702 2041 See
720 2009 813 2041 XVI.
831 2009 848 2050 §
867 2010 937 2041 102.

208 2074 277 2112 504
