1469 2299
109 592 149 621 76

380 108 573 145 PLINY:
620 108 880 147 NATURAL
913 108 1147 146 HISTORY

173 211 442 261 dentibusque
461 211 688 254 candorem,
707 214 737 247 si
758 211 948 247 fricentur
967 211 1097 247 radice
1117 224 1178 254 ea,
1197 213 1348 247 semine

174 264 334 314 linguae
383 264 541 301 subdito
588 267 694 300 sitim
742 277 820 300 non
866 267 1014 301 sentiri.
1070 263 1143 300 hoc
1190 277 1348 314 quoque

175 318 308 354 mandi
337 324 377 354 et
406 323 574 367 utraque
601 320 723 354 etiam
749 317 910 354 condiri.
966 318 1158 355 Crateuas
1184 320 1348 354 tertium

174 384 332 420 quoque
360 384 484 422 genus
513 371 677 407 tradidit
704 371 943 421 longioribus
970 370 1070 407 foliis
1098 376 1140 408 et
1165 370 1347 407 hirsutio-

174 426 294 468 ribus,
329 425 450 461 odore
485 427 673 473 cupressi,
707 427 813 461 nasci
848 425 921 460 sub
962 423 1112 461 hedera
1154 427 1351 468 maxime3

175 478 361 527 prodesse
417 477 693 527 opisthotonis,
748 479 1084 514 contractionibus
1139 491 1347 515 nervorum

174 532 300 568 tribus
323 531 446 567 obolis
469 534 507 567 in
530 533 749 568 sextarium
772 544 913 580 aquae.

227 585 412 621 XXXIV.
442 584 613 621 Acanthi
635 587 827 634 topiariae
847 590 889 621 et
908 585 1083 621 urbanae
1102 583 1250 620 herbae
1269 583 1351 621 lato

176 638 372 687 longoque
388 638 480 674 folio
494 638 715 687 crepidines
730 640 953 688 marginum
968 638 1350 687 adsurgentiumque

175 692 423 740 pulvinorum
456 697 562 728 toros
595 694 801 728 vestientis
833 691 912 728 duo
942 704 1092 741 genera
1122 697 1229 735 sunt,
1261 705 1350 727 acu-

175 745 325 781 leatum
348 751 387 781 et
409 747 594 794 crispum,
615 745 720 794 quod
742 746 912 788 brevius,
933 745 1103 781 alterum
1123 744 1223 788 leve,
1244 745 1350 794 quod

175 798 294 847 aliqui
323 799 541 847 paederota
567 804 724 840 vocant,
751 798 814 834 alii
842 797 1181 849 melamphyllum.
1236 797 1350 834 huius

176 852 326 888 radices
359 855 456 889 ustis
487 852 713 901 luxatisque
744 855 841 888 mire
874 857 1051 901 prosunt,
1081 854 1179 888 item
1210 854 1350 901 ruptis,

175 905 382 948 convulsis,
399 911 440 941 et
456 905 631 954 phthisin
649 906 936 949 metuentibus,
952 905 1042 942 ideo
1062 911 1198 942 coctae
1215 906 1229 928 1
1249 906 1351 949 cibo,

175 961 347 995 maxime
365 972 386 995 e
402 960 416 982 2
432 961 572 996 tisana.
628 959 812 1009 podagris
827 972 985 1008 quoque
998 959 1218 995 inlinuntur
1231 961 1350 995 tritae

176 1018 217 1049 et
249 1012 502 1049 calefactae.3

226 1065 388 1102 XXXV.
418 1065 644 1115 Bupleuron
676 1068 715 1102 in
746 1072 888 1115 sponte
921 1069 1169 1102 nascentium
1200 1065 1350 1102 olerum

176 1132 340 1156 numero
371 1119 513 1156 Graeci
543 1119 708 1163 habent,
738 1119 850 1156 caule
880 1119 1056 1162 cubitali,
1086 1118 1186 1156 foliis
1217 1119 1351 1155 multis

176 1172 397 1222 longisque,
419 1175 551 1222 capite
574 1176 696 1215 aneti,
719 1173 926 1209 laudatum
949 1175 988 1209 in
1010 1174 1105 1209 cibis
1128 1173 1178 1209 ab
1202 1173 1351 1222 Hippo-

175 1232 298 1270 crate,
323 1229 362 1263 in
386 1227 582 1263 medicina
607 1240 629 1262 a
654 1227 857 1263 Glaucone
883 1232 923 1263 et
949 1226 1158 1263 Nicandro.
1214 1239 1351 1263 semen

175 1286 313 1316 contra
330 1287 537 1329 serpentes
558 1281 676 1317 valet.
731 1280 823 1317 folia
839 1280 889 1317 ad
911 1281 1102 1317 secundas
1116 1280 1352 1317 feminarum

177 1334 238 1370 vel
259 1347 395 1371 sucum
417 1348 465 1371 ex
485 1337 575 1371 vino
594 1335 778 1378 inlinunt,
800 1340 841 1371 et
861 1337 1019 1371 strumis
1045 1333 1136 1371 folia
1157 1347 1246 1371 cum
1267 1334 1350 1370 sale

179 1394 220 1424 et
252 1390 354 1425 vino.
408 1388 520 1424 radix
553 1394 692 1425 contra
723 1394 930 1437 serpentes
960 1387 1081 1424 datur
1110 1389 1149 1423 in
1184 1389 1274 1423 vino
1308 1392 1350 1423 et

177 1442 314 1477 urinae
339 1441 517 1478 ciendae.

225 1536 236 1554 1
261 1535 336 1566 ideo
354 1537 470 1565 coctae
487 1535 515 1566 E
533 1535 697 1575 Detlessen
714 1548 720 1566 :
746 1535 780 1566 id
797 1538 892 1566 cocte
910 1534 957 1566 G:
989 1535 1022 1566 id
1040 1539 1158 1566 coetae
1177 1535 1333 1575 Mayhoff
1345 1548 1351 1566 ε

182 1579 334 1609 incoctae
353 1578 437 1618 vulq.

225 1621 238 1640 ²
259 1631 276 1651 e
294 1621 389 1656 addo,
409 1619 491 1659 qnod
507 1620 592 1651 coni.
612 1619 774 1660 Mayhosf.

225 1663 237 1682 ³
260 1664 338 1694 Post
356 1663 541 1694 calefactae
560 1663 727 1694 invenitur
746 1663 782 1693 in
800 1664 891 1694 codd.
910 1663 1038 1694 calidis.
1086 1663 1158 1694 Del.
1179 1663 1352 1703 Dedessen,

179 1707 234 1736 decl
250 1717 269 1737 e
285 1705 355 1737 sale
372 1706 491 1736 calidis
507 1706 591 1737 coni.
611 1706 661 1738 Io.
683 1705 816 1741 Mffller,
835 1717 929 1747 quem
945 1711 1073 1737 secutus
1090 1710 1136 1736 est
1155 1706 1318 1745 Mayhoff.

221 1813 234 1827 ‘¹
257 1807 327 1843 I.e.‚
359 1807 417 1838 the
450 1808 550 1848 spiny
582 1807 778 1839 bear’s-foot
807 1807 846 1838 of
876 1807 998 1839 Greece
1028 1807 1096 1838 and
1131 1807 1188 1838 the
1218 1807 1350 1837 smooth

178 1850 372 1882 bear‘s-foot
389 1850 428 1881 of
441 1850 575 1881 Roman
591 1851 745 1891 gardens.

223 1894 234 1912 ''
258 1894 328 1924 The
357 1895 514 1935 meaning
541 1894 580 1924 of
603 1894 672 1924 this
699 1898 859 1924 sentence
887 1894 913 1924 is
942 1893 1072 1934 plainer
1099 1893 1188 1923 after
1216 1893 1354 1933 reading

178 1937 275 1967 XIX.
301 1937 353 1967 ch.
380 1937 430 1973 20,
456 1937 566 1968 where
590 1937 689 1977 Pliny
713 1937 882 1967 describes
907 1937 980 1967 how
1005 1947 1025 1967 a
1049 1936 1204 1977 plcasure
1226 1937 1352 1976 gai-den

177 1990 244 2009 was
268 1980 333 2010 laid
356 1984 427 2010 out.

175 2031 244 2077 346
