1469 2299
433 112 629 150 PLINY:
674 112 935 150 NATURAL
970 113 1204 151 HISTORY

146 219 206 251 158
232 214 347 251 inlita
399 215 596 251 noctibus.
661 217 843 264 proxime
897 215 1032 252 valent
1084 221 1220 252 cetera
1272 215 1404 253 laurus

234 281 396 318 genera.
453 268 586 304 laurus
636 268 911 304 Alexandrina
959 271 1041 304 sive
1092 268 1216 305 Idaea
1264 275 1401 318 partus

233 321 384 357 celeres
409 320 506 358 facit
529 321 663 358 radice
688 327 784 370 pota
804 324 924 358 trium
949 321 1203 358 denariorum
1227 322 1403 371 pondere

234 377 274 411 in
302 377 381 410 vini
409 374 534 411 dulcis
562 374 718 425 cyathis
747 375 888 418 tribus,
916 374 1111 411 secundas
1140 378 1263 412 etiam
1291 376 1404 425 pellit

233 440 486 477 mensesque.
543 428 686 464 eodem
711 428 829 465 modo
852 433 948 477 pota
969 427 1218 477 daphnoides
1239 431 1321 465 sive
1344 428 1402 465 his

233 482 460 518 nominibus
493 494 597 531 quae
630 481 803 518 diximus
836 481 1026 518 silvestris
1059 481 1191 519 laurus
1225 482 1402 531 prodest,

234 534 367 571 alvum
398 534 515 572 solvit
548 535 610 571 vel
643 537 795 572 recenti
828 534 922 571 folio
954 535 1015 571 vel
1050 535 1173 579 arido,
1205 535 1402 572 drachmis

234 588 362 625 tribus
422 601 512 625 cum
572 588 655 624 sale
714 591 755 624 in
814 587 1095 638 hydromelite.
1162 588 1404 625 manducata

235 644 403 690 pituitas
451 641 643 685 extrahit,
691 640 829 678 folium
877 647 919 678 et
966 644 1151 685 vomitus,
1198 641 1404 679 stomacho

233 695 388 731 inutile.
443 697 498 732 sic
515 701 557 732 et
572 696 696 732 bacae
713 698 860 745 quinae
875 695 1005 732 denae
1021 697 1270 745 purgationis
1285 709 1405 732 causa

233 753 457 785 sumuntur.

147 806 208 838 159
289 801 474 838 LXXXI.
507 801 668 851 Myrtus
719 804 847 838 sativa
896 801 1069 838 candida
1116 804 1247 838 minus
1297 802 1404 838 utilis

235 854 459 891 medicinae
489 867 610 904 quam
639 857 765 904 nigra.
821 867 959 891 semen
989 858 1072 891 eius
1101 855 1289 891 medetur
1316 868 1403 892 san—

233 911 397 958 guinem
431 909 727 952 excreantibus,
761 911 859 944 item
893 914 1031 945 contra
1064 907 1208 957 fungos
1240 911 1280 944 in
1314 911 1404 945 vino

232 967 388 1011 potum.
443 962 608 998 odorem
641 965 717 998 oris
751 961 1009 998 commendat
1042 961 1104 998 vel
1137 961 1265 1010 pridie
1297 975 1401 999 com-

233 1015 545 1058 manducatum3
583 1015 667 1052 ita1
694 1015 801 1065 apud
829 1014 1099 1051 Menandrum
1125 1014 1402 1065 Synaristosae

233 1066 308 1105 hoc
354 1068 492 1105 edunt.
548 1068 668 1105 datur
714 1074 755 1105 et
800 1068 1052 1118 dysintericis
1098 1068 1205 1105 idem
1249 1068 1402 1105 denarii

234 1121 411 1171 pondere
436 1124 476 1158 in
501 1124 604 1158 vino.
660 1121 793 1158 ulcera
817 1121 987 1158 difficilia
1012 1124 1051 1157 in
1078 1123 1403 1159 extremitatibus

147 1179 208 1211 160
235 1178 408 1224 corporis
436 1181 551 1212 sanat
570 1189 660 1212 cum
682 1178 771 1212 vino
789 1174 1144 1212 subfervefactum.
1200 1178 1404 1225 inponitur

234 1228 463 1278 lippitudini
502 1242 591 1265 cum
631 1229 795 1277 polenta
843 1234 884 1265 et
926 1228 1114 1265 cardiacis
1152 1231 1192 1265 in
1231 1242 1404 1266 mamma

234 1285 406 1326 sinistra,
436 1288 478 1319 et
505 1288 644 1319 contra
671 1285 887 1331 scorpionis
914 1285 1038 1318 ictum
1065 1285 1105 1318 in
1132 1295 1256 1326 mero,
1285 1288 1327 1319 et
1354 1283 1404 1319 ad

234 1339 390 1372 vesicae
420 1338 531 1379 vitia,
562 1338 704 1385 capitis
735 1335 904 1378 dolores,
936 1335 1152 1385 aegilopas,
1184 1341 1403 1385 antequam

234 1395 472 1438 suppurent,
499 1392 597 1426 item
623 1389 860 1431 tumoribus,
882 1392 1163 1438 exemptisque
1188 1389 1338 1426 nucleis
1363 1392 1403 1426 in

234 1445 324 1479 vino
365 1448 504 1479 vetere
546 1445 686 1479 tritum
729 1443 1005 1491 eruptionibus
1046 1445 1231 1492 pituitae.
1287 1456 1402 1479 sucus

233 1498 395 1533 seminis
430 1496 561 1533 alvum
596 1499 715 1539 sistit,
751 1499 904 1532 urinam
939 1498 1030 1532 ciet.
1087 1496 1137 1532 ad
1171 1499 1402 1545 eruptiones

411 1613 423 1632 ¹
447 1613 497 1644 ita
514 1613 683 1654 Mayhoff:
714 1614 797 1644 item
814 1613 921 1645 codd.:
951 1624 1013 1644 om.
1032 1613 1206 1654 Detlessen.

269 1753 367 1786 “See
378 1753 454 1785 XV.
470 1754 541 1785 132.
589 1753 812 1793 Daphnoides
830 1767 864 1778 =
881 1753 1061 1792 mezerlon,
1072 1753 1215 1794 Daphne
1225 1763 1411 1785 mezereum.

272 1795 284 1814 ⁶
307 1795 397 1827 That
425 1806 531 1826 semen
560 1807 676 1827 means
718 1796 899 1833 berriesss’
928 1797 1005 1828 here
1032 1798 1059 1828 is
1087 1797 1202 1829 shown
1233 1798 1277 1839 by
1304 1809 1402 1830 sucus

227 1838 364 1870 seminis
373 1838 514 1879 in§160.
562 1839 632 1870 The
645 1838 833 1871 reference'
825 1850 852 1870 is
862 1844 898 1871 to
907 1839 966 1871 the
977 1840 1098 1871 bet-ries
1108 1840 1147 1871 of
1158 1840 1248 1872 the“
1263 1841 1401 1873 white”

227 1881 485 1956 mmleWomen
501 1924 621 1965 haviny
635 1925 749 1956 Lumh
763 1930 813 1966 toy
813 1925 932 1963 ether?
946 1936 966 1956 a
981 1926 1123 1967 comedy
1138 1926 1175 1957 of
1185 1926 1379 1959 Menander.

272 1965 287 1985 ‘³
307 1967 397 1999 Here
416 1967 584 2009 probably
605 1978 649 1999 an
671 1968 829 2000 affection
851 1968 890 2000 of
906 1969 965 2000 the
985 1969 1092 2001 beart.
1140 1969 1211 2007 See,
1233 1969 1400 2009 however,

229 2039 296 2076 522
