1469 2299
559 512 721 551 LIBER
759 512 900 550 XXIII

231 614 261 651 I.
293 613 463 652 Peracta
488 616 702 652 cerealium
731 618 769 652 in
796 614 997 652 medendo
1023 627 1186 664 quoque
1212 621 1354 652 natura

179 674 240 705 est
264 672 524 718 omniumque
548 682 652 719 quae
675 669 854 706 ciborum
879 674 948 705 aut
971 667 1112 705 florum
1138 668 1356 706 odorumve

177 725 309 771 gratia
347 725 589 772 proveniunt
627 725 769 772 supina
807 722 965 759 tellure.
1024 735 1101 758 non
1140 724 1261 759 cessit
1297 722 1356 759 his

179 775 357 812 Pomona
382 782 601 825 partesque
618 775 631 798 ¹
658 776 834 813 medicas
861 781 903 812 et
929 775 1203 825 pendentibus
1228 775 1356 819 dedit,

179 842 255 865 non
291 835 484 866 contenta
519 835 735 879 protegere
769 829 1040 878 arborumque
1076 829 1217 865 umbra
1251 829 1357 866 alere

178 895 281 931 quae
317 882 504 926 diximus,
540 886 660 919 immo
696 882 820 920 veluti
856 882 1065 932 indignata
1099 881 1187 932 plus
1222 883 1355 919 auxilii

180 938 308 972 inesse
340 936 399 972 his
431 949 535 985 quae
566 936 723 986 longius
755 949 777 972 a
807 935 918 973 caelo
950 936 1141 973 abessent
1171 948 1357 986 quaeque

179 995 320 1038 postea
365 992 607 1039 coepissent,
653 992 826 1039 primum
874 991 979 1026 enirn
1025 988 1177 1025 homini
1221 989 1352 1026 cibum

180 1042 300 1079 fuisse
325 1043 418 1079 inde
445 1049 486 1079 et
511 1045 565 1079 sic
589 1043 755 1080 inducto
779 1042 934 1079 caelum
960 1048 1145 1092 spectare
1168 1045 1358 1093 pascique

142 1100 159 1130 2
181 1101 223 1132 et
272 1109 376 1133 nunc
425 1109 473 1133 ex
523 1110 565 1133 se
614 1109 730 1145 posse
778 1098 864 1133 sine
912 1095 1106 1146 frugibus.
1165 1095 1217 1132 II.
1249 1109 1358 1147 ergo,

180 1149 368 1193 Hercule,
392 1156 498 1187 artes
523 1152 562 1186 in
585 1152 721 1199 primis
744 1149 858 1186 dedit
881 1150 1043 1193 vitibus,
1065 1162 1144 1186 non
1166 1155 1359 1187 contenta

179 1203 341 1240 delicias
370 1206 492 1240 etiam
522 1209 563 1240 et
590 1203 732 1240 odores
760 1208 884 1253 atque
913 1208 1122 1253 unguenta
1148 1202 1358 1252 omphacio

180 1263 221 1293 et
256 1256 459 1293 oenanthe
495 1270 540 1293 ac
574 1259 754 1300 massari,
789 1269 893 1306 quae
928 1259 1008 1293 suis
1043 1256 1136 1294 locis
1171 1256 1358 1301 diximus,

182 1310 370 1347 nobiliter
421 1313 670 1347 instruxisse.
739 1310 969 1360 plurimum,
1017 1312 1161 1360 inquit,
1208 1309 1358 1347 homini

181 1363 398 1413 voluptatis
420 1377 468 1400 ex
494 1377 557 1401 me
583 1369 667 1408 est3
691 1376 767 1414 ego
788 1376 926 1400 sucum
951 1365 1044 1407 vini,
1066 1363 1261 1413 liquorem
1281 1363 1356 1401 olei

178 1420 315 1467 gigno,
337 1430 412 1467 ego
435 1417 588 1467 palmas
611 1423 653 1454 et
673 1430 792 1466 poma
812 1423 957 1467 totque
974 1419 1207 1460 varietates,
1227 1430 1359 1467 neque

180 1476 224 1507 ut
245 1470 379 1507 Tellus
409 1473 543 1508 omnia
566 1484 637 1520 per
667 1470 838 1514 labores,
859 1470 1010 1507 aranda
1029 1473 1170 1514 tauris,
1190 1470 1358 1508 terenda

180 1526 296 1566 areis,
322 1524 469 1561 deinde
495 1527 615 1567 saxis,
641 1523 903 1574 ut—quando
928 1529 1134 1574 quantove
1158 1537 1281 1574 opere
1293 1525 1358 1561 ?—

363 1605 373 1623 ¹
397 1610 579 1645 partesque
596 1604 675 1636 codd
691 1616 698 1635 :
729 1609 889 1645 artesque
905 1604 990 1636 ccmi.
1008 1603 1171 1645 Mayhoff.

221 1727 235 1741 ⁶
258 1723 441 1763 Mayhoff's
464 1724 658 1762 conjecture
680 1727 825 1764 ariesque
847 1722 899 1754 for
922 1727 1090 1764 partesque
1111 1723 1140 1754 is
1162 1723 1358 1760 attractive,

182 1766 242 1827 *⁹¹¹³
376 1765 1004 1840 Zizia-{fantisffiffsssssf‘zz5330
1016 1765 1098 1840 ¹2¹3
1110 1766 1144 1797 ³¹¹²
1157 1765 1358 1842 ¹252&ssst

178 1852 193 1892 ξ
212 1852 268 1882 131
291 1820 444 1882 ιιηΪ-ἸΙΙΙΞῙΟ
446 1862 494 1882 se(
482 1852 591 1883 orides
612 1851 651 1883 V.
669 1820 691 1883 '5
712 1856 746 1892 (χ
749 1852 822 1885 υλὸς
839 1819 1021 1892 α’,ιιιίιοικοςῐῖΘ
1036 1820 1057 1850 g
1098 1819 1149 1850 pe·
1349 1835 1356 1842 ·

261 1895 322 1925 T}
316 1906 341 1925 13
359 1895 384 1925 is
401 1894 534 1925 defined
550 1895 594 1935 by
612 1894 710 1935 Pliny
727 1894 826 1933 (XII.
842 1895 858 1935 §
878 1895 952 1934 132,
969 1905 1006 1925 as
1022 1894 1098 1926 vitia
1114 1894 1280 1927 labrum
1295 1904 1359 1928 uva

182 1937 249 1968 and
270 1937 314 1978 by
335 1937 407 1968 Dio:
402 1938 545 1969 corides
565 1937 619 1971 (V.
640 1941 673 1977 5)
691 1948 729 1968 as
747 1937 765 1968 ό
780 1941 839 1978 τῆς
856 1937 970 1977 ἀγρίας
987 1937 1133 1978 ἀμπέλου
1151 1937 1283 1978 καρπός.

219 1979 234 1999 '¹
259 1980 337 2011 Said
364 1980 408 2021 by
433 1980 530 2021 Pliny
554 1980 651 2015 (XII.
674 1980 690 2021 ξ
711 1981 784 2019 133)
806 1984 843 2012 to
866 1980 906 2011 be
929 1980 987 2011 the
1008 1980 1147 2012 African
1170 1981 1302 2022 variety
1324 1980 1362 2012 of

179 2024 358 2060 oenanthe,
376 2023 444 2055 and
461 2028 498 2055 to
517 2024 556 2054 be
575 2024 654 2055 used
672 2023 777 2065 only'
769 2033 802 2055 m
819 2023 994 2055 medicine.

181 2091 251 2124 414
