1469 2299
135 445 175 475 63

135 814 175 843 64

407 90 573 128 PLINY
587 103 596 126 ι
639 89 901 127 NATURAL
936 89 1170 126 HISTORY

203 199 319 243 potus
347 193 397 230 ad
424 193 522 230 duos
549 192 695 229 obolos.
750 194 995 241 serpentium
1022 193 1164 228 ictibus
1192 192 1375 229 medetur

203 258 241 290 in
272 258 361 291 vino
390 260 522 304 potus,
553 260 594 290 et
623 253 716 290 folia
745 253 952 303 thyrsique
982 255 1065 289 triti
1097 266 1145 289 ex
1177 259 1290 290 aceto
1318 255 1375 290 bi-

202 317 362 353 buntur.
418 316 568 352 vulneri
597 315 816 351 inlinuntur
843 317 1015 350 maxime
1043 320 1180 351 contra
1207 318 1375 364 scorpio-

202 391 296 414 num
322 380 436 421 ictus,
462 383 600 413 contra
624 390 716 413 vero
742 376 955 426 phalangia
979 378 1194 412 commixto
1220 379 1308 413 vino
1334 382 1377 413 et

202 445 329 475 aceto.
384 439 468 475 aliis
519 452 678 488 quoque
730 440 891 474 venenis
942 440 1145 481 resistunt,
1198 441 1374 487 exceptis

202 513 304 549 quae
346 500 632 550 strangulando
675 505 821 535 necant
863 504 933 535 aut
975 498 1033 535 his
1076 512 1178 548 quae
1223 502 1375 536 vesicae

201 567 360 605 nocent,
407 564 505 598 item
552 560 754 611 psimithio
807 566 988 609 excepto.
1044 563 1287 609 inponuntur
1334 567 1377 597 et

203 626 329 659 ventri
351 636 399 659 ex
418 623 536 659 melle
557 628 679 672 atque
700 628 814 658 aceto
834 621 884 658 ad
904 621 1153 658 detrahenda
1173 624 1267 658 vitia
1287 622 1374 659 alvi.

204 687 338 721 urinae
371 684 623 721 difficultates
656 697 770 720 sucus
804 683 1004 719 emendat.
1061 683 1252 720 Crateuas
1285 696 1376 720 eum

202 752 243 782 et
269 745 493 796 hydropicis
520 745 643 782 obolis
670 745 823 782 duobus
850 747 889 780 in
916 750 1030 781 aceto
1058 750 1099 780 et
1125 744 1271 794 cyatho
1297 748 1374 781 vini

203 807 287 844 dari
325 808 449 844 iubet.
505 807 666 857 quidam
705 813 746 843 et
784 819 805 842 e
842 809 975 842 sativis
1013 805 1203 856 colligunt
1240 820 1375 843 sucum

199 872 328 905 minus
350 869 561 905 efficacem.
616 868 834 918 peculiares
857 881 993 904 earum
1015 866 1178 904 effectus
1201 868 1378 916 (praeter

200 933 278 967 iam
305 930 431 967 dictos
458 944 640 966 somnum
666 929 837 966 faciendi
865 942 1132 979 veneremque
1159 928 1377 972 inhibendi,

201 998 356 1028 aestum
407 991 682 1041 refrigerandi,
732 990 980 1028 stomachum
1031 991 1240 1040 purgandi,
1290 1004 1378 1027 san—

200 1056 362 1103 guinem
408 1053 597 1103 augendi)
643 1066 720 1089 non
765 1055 879 1102 pauci
914 1058 1081 1095 restant,
1115 1055 1302 1101 quoniam
1336 1057 1378 1089 et

200 1115 424 1151 inflationes
455 1115 674 1151 discutiunt
705 1120 921 1164 ructusque
951 1113 1060 1150 lenes
1091 1113 1256 1157 faciunt,
1287 1127 1377 1150 con-

200 1179 419 1213 coctionem
467 1176 671 1220 adiuvant,
716 1176 958 1212 cruditatem
1002 1178 1112 1225 ipsae
1160 1189 1377 1225 numquam

200 1237 363 1274 faciunt.
418 1251 491 1275 nec
508 1238 586 1274 ulla
602 1251 663 1274 res
679 1240 719 1274 in
734 1239 829 1274 cibis
845 1239 971 1287 magis
988 1237 1221 1273 aviditatem
1238 1239 1378 1274 incitat

202 1299 436 1349 inhibetque
477 1299 631 1336 eadem.
686 1302 727 1336 in
766 1312 884 1335 causa
924 1299 1197 1348 alterutraque
1237 1298 1377 1335 modus

200 1367 273 1397 est.
328 1364 382 1397 sic
433 1367 475 1397 et
525 1361 656 1398 alvum
697 1363 932 1410 copiosiores
983 1360 1154 1403 solvunt,
1198 1360 1378 1397 modicae

199 1425 356 1459 sistunt.
414 1423 611 1460 lentitiam
632 1425 803 1472 pituitae
824 1422 1011 1472 digerunt
1033 1428 1170 1471 atque,
1191 1427 1235 1458 ut
1257 1421 1374 1470 aliqui

200 1484 466 1527 tradiderunt,
509 1497 646 1521 sensus
690 1489 878 1534 purgant,
921 1483 1134 1520 stomachis
1178 1483 1376 1519 dissolutis

201 1545 444 1582 utilissimae.
501 1545 739 1582 adiuvantur
762 1548 803 1581 in
828 1558 874 1582 eo
899 1559 972 1582 usu
998 1550 1040 1582 et
1063 1546 1227 1595 oxypori
1253 1544 1375 1581 obolis

200 1610 460 1656 asperitatem
495 1607 632 1644 addito
666 1607 770 1644 dulci
805 1607 855 1643 ad
890 1609 1102 1643 intinctum
1137 1608 1240 1642 aceti
1274 1611 1375 1642 tem—

200 1675 400 1717 perantes,
437 1671 467 1705 si
505 1671 669 1706 crassior
708 1671 854 1718 pituita
891 1671 956 1711 sit,
993 1668 1133 1705 scillite
1175 1673 1246 1704 aut
1287 1670 1376 1704 vino

201 1730 432 1773 absinthite,
459 1733 489 1767 si
519 1736 560 1767 et
589 1733 705 1767 tussis
733 1733 943 1773 sentiatur,
970 1729 1155 1780 hysopite
1183 1729 1374 1766 admixto.

200 1791 346 1828 dantur
370 1792 549 1829 coeliacis
574 1805 663 1828 cum
688 1793 828 1828 intubo
854 1794 1021 1828 erratico
1046 1797 1089 1828 et
1113 1790 1163 1827 ad
1188 1791 1374 1827 duritiam

467 1915 482 1930 ‘¹
505 1912 566 1943 See
589 1911 688 1942 XIX.
712 1913 742 1950 ἓξ
760 1912 820 1942 127
836 1911 871 1942 ff.

467 1951 479 1972 ⁶
502 1953 560 1990 Or,
579 1957 600 1970 “
613 1953 779 1994 produces
795 1952 880 1984 mjld
900 1951 1106 1994 belchings.’'
