1469 2299
130 240 190 270 136

133 719 191 750 137

134 986 193 1016 138

423 130 616 167 PLINY:
663 130 924 166 NATURAL
958 128 1194 166 HISTORY

271 233 416 269 LXXI.
454 232 517 268 Fit
572 245 620 268 ex
677 246 794 281 pomo
851 231 1112 280 panchrestos
1167 234 1393 274 stomatice,

220 287 363 323 eadem
407 289 601 322 arteriace
647 286 864 334 appellata,
910 284 982 321 hoc
1027 285 1169 321 modo:
1229 287 1392 321 sextarii

223 346 304 376 tres
321 342 401 375 suci
421 353 467 375 ex
487 353 604 388 pomo
622 339 699 374 leni
716 352 861 387 vapore
879 339 928 374 ad
946 338 1251 374 crassitudinem
1267 338 1394 374 mellis

220 393 470 442 rediguntur.
527 398 617 441 post
656 392 818 428 additur
856 391 1052 440 omphacii
1098 391 1194 427 aridi
1240 391 1394 440 pondus

225 459 285 482 511
328 452 398 482 aut
436 459 594 482 murrae
644 458 696 488 ⁴1,
735 448 835 481 croci
889 457 938 481 Ἰ.
1008 444 1106 481 haec
1145 445 1261 481 simul
1300 447 1395 480 trita

219 503 439 536 miscentur
471 499 652 541 decocto,
685 512 816 547 neque
851 504 913 534 est
945 498 1052 534 aliud
1084 501 1175 541 oris,
1209 500 1394 541 arteriae,

221 567 336 598 uvae,
376 552 570 589 stomachi
611 552 820 588 iucundius
860 552 1094 587 remedium.
1152 551 1197 587 fit
1237 557 1278 587 et
1317 551 1392 586 alio

219 607 360 643 modo:
413 609 493 642 suci
531 608 694 642 sextarii
733 605 825 647 duo,
864 605 990 641 mellis
1029 606 1153 641 Attici
1193 607 1390 641 sextarius

219 661 497 709 decoquuntur
517 665 562 695 ut
581 672 700 704 supra
719 659 902 695 diximus.

275 713 379 749 Mira
408 719 501 749 sunt
531 719 743 761 praeterea
773 725 875 761 quae
905 711 1152 760 produntur:
1197 713 1394 761 germina-

222 769 331 802 tione
382 769 613 815 priusquam
664 765 758 801 folia
808 771 971 807 exeant,
1021 767 1180 801 sinistra
1230 765 1392 813 decerpi

221 820 359 856 futura
389 833 520 869 poma.
577 818 747 855 ricinos¹
783 818 925 855 Graeci
959 824 1115 854 vocant.
1171 817 1210 854 hi
1243 824 1394 854 terram

221 876 251 909 si
283 887 361 910 non
394 876 583 922 attigere,
615 875 851 921 sanguinem
883 875 1030 908 sistunt
1062 871 1282 921 adalligati,
1314 874 1395 907 sive

223 940 271 963 ex
298 927 462 963 vulnere
488 926 587 962 fluat
613 929 694 962 sive
720 939 787 961 ore
814 928 895 961 sive
920 926 1082 961 naribus
1108 928 1189 961 sive
1214 924 1395 961 haemor-

222 980 381 1017 rhoidis.
438 980 487 1016 ad
508 979 580 1016 hoc
600 985 810 1015 servantur
829 981 1006 1027 repositi.
1062 978 1169 1015 idern
1190 983 1396 1027 praestare

222 1040 265 1070 et
305 1047 437 1070 ramus
478 1033 624 1069 dicitur
664 1033 757 1069 luna
798 1033 917 1081 plena
957 1031 1161 1068 defractus
1201 1033 1393 1080 incipiens

222 1087 398 1123 fructum
428 1086 592 1129 habere,
623 1090 651 1122 si
685 1091 834 1122 terram
871 1099 950 1122 non
980 1088 1178 1134 attigerit,
1208 1087 1395 1134 privatim

222 1141 455 1177 mulieribus
486 1140 726 1190 adalligatus
757 1140 907 1175 lacerto
936 1144 1076 1175 contra
1106 1138 1397 1174 abundantiam

222 1207 418 1230 mensum.
475 1193 549 1229 hoc
593 1199 635 1230 et
679 1205 934 1242 quocumque
977 1198 1160 1241 ternpore
1206 1192 1256 1228 ab
1299 1193 1394 1240 ipsis

223 1248 461 1297 decerptum
507 1250 564 1283 ita
602 1252 647 1283 ut
685 1252 834 1283 terram
873 1259 952 1282 non
990 1248 1168 1295 attingat
1207 1245 1396 1295 adalliga—

223 1307 392 1350 tumque
420 1303 655 1336 existimant
682 1305 901 1349 praestare.
957 1298 1052 1335 folia
1078 1301 1175 1335 mori
1205 1301 1301 1335 trita
1328 1304 1398 1334 aut

220 1355 331 1391 arida
395 1354 563 1391 decocta
627 1356 876 1402 serpentium
941 1354 1086 1389 ictibus
1151 1355 1399 1401 inponuntur

223 1408 455 1457 aliquidque
468 1407 483 1430 ²
498 1413 595 1456 potu
610 1407 827 1456 proficitur.
875 1406 1147 1455 scorpionibus
1162 1406 1397 1442 adversatur

271 1516 283 1534 ¹
308 1516 429 1545 ricinos
447 1516 535 1546 codd.
553 1527 559 1545 ε
592 1515 725 1555 cytinos
741 1513 826 1545 coni.
845 1511 1044 1545 Hermolaus
1060 1513 1236 1544 Barbarus.

268 1558 281 1576 ²
306 1558 503 1598 aliquidque
517 1557 680 1599 Dellessen
693 1570 699 1588 :
725 1567 833 1598 aeque
846 1556 1003 1597 Mayhoff
1011 1569 1017 1587 :
1042 1556 1154 1596 alique
1166 1561 1223 1588 aut
1235 1554 1292 1586 alii
1307 1555 1396 1587 codd.

261 1699 275 1713 ‘¹
300 1695 359 1727 I.e.
379 1694 568 1735 στοματική,
586 1705 605 1725 a
622 1694 789 1726 medicine
806 1693 859 1724 for
874 1694 932 1725 the
950 1693 1085 1725 mouth.

267 1739 280 1757 ὸ
303 1738 382 1768 This
401 1738 491 1768 word
508 1739 534 1768 is
550 1738 674 1768 almost
690 1737 855 1778 certainly
871 1747 891 1767 a
907 1737 1063 1773 mistake,
1077 1735 1245 1777 probably
1258 1735 1397 1776 Pliny's,

220 1791 257 1811 as
269 1781 327 1812 the
343 1782 434 1813 MSS.
449 1781 541 1812 show
555 1791 598 1811 no
613 1782 756 1811 variant.
794 1780 935 1811 Ricinzcs
948 1781 974 1811 is
988 1784 1049 1810 not
1062 1790 1082 1810 a
1095 1779 1205 1810 Greek
1217 1779 1321 1815 word,
1336 1779 1398 1809 but

219 1835 239 1854 a
264 1824 363 1855 Latin
389 1835 462 1860 one,
488 1825 646 1864 meaning
669 1824 776 1854 either
801 1824 848 1863 (1)
873 1834 893 1853 a
917 1823 986 1854 tick
1011 1833 1047 1854 or
1072 1823 1119 1862 (2)
1144 1822 1202 1853 the
1227 1821 1399 1853 castor-ou

220 1867 316 1907 plant,
348 1867 433 1906 (also
464 1867 524 1897 cici
556 1877 592 1897 or
623 1871 755 1907 croton).
803 1865 873 1896 The
905 1867 1098 1905 conjecture
1129 1864 1167 1895 of
1196 1865 1399 1895 Hermolaus

220 1910 402 1946 Barbarus,
419 1910 554 1949 affines,
581 1910 606 1940 is
631 1909 722 1940 what
745 1909 853 1950 ought
876 1912 913 1939 to
938 1909 1025 1939 have
1044 1909 1129 1939 been
1153 1909 1298 1939 written.
1346 1907 1396 1938 Cf.

219 1952 252 1993 ἐξ
276 1954 347 1989 111,
368 1954 428 1983 112
449 1952 517 1983 and
540 1952 641 1983 XIII.
668 1953 739 1989 113,
757 1952 866 1983 where
887 1951 1017 1992 cytinus
1038 1952 1065 1982 is
1087 1950 1146 1982 the
1163 1951 1262 1991 calyx
1284 1949 1322 1981 of
1339 1950 1398 1981 the

219 2000 471 2037 pomegranate.

222 2057 292 2106 506
