1469 2299
434 144 628 181 PLINY:
674 143 936 180 NATURAL
969 141 1204 179 HISTORY

232 261 253 285 e
288 247 421 284 radice
462 249 618 283 corticis
653 259 770 283 sucus
805 259 855 282 ex
890 247 981 282 vino
1016 250 1087 281 aut
1121 258 1240 294 posca
1274 249 1405 294 potus.

144 312 204 343 139
232 305 438 343 reddenda
484 311 545 341 est
591 310 633 341 et
677 307 935 353 antiquorum
978 306 1211 352 conpositio.
1267 316 1405 340 sucum

233 378 467 414 expressum
527 366 632 413 pomi
694 365 840 399 maturi
901 364 1174 411 inmaturique
1233 364 1405 398 mixtum

233 424 462 472 coquebant
507 435 600 458 vase
647 434 765 458 aereo
811 421 862 457 ad
908 420 1035 457 mellis
1081 420 1399 456 crassitudinem.

234 482 354 531 aliqui
387 494 520 517 murra
553 481 712 517 adiecta
744 486 786 517 et
817 493 1005 529 cupresso
1037 479 1326 528 praeduratum
1359 478 1409 515 ad

233 541 357 577 solem
380 541 589 576 torrebant
611 541 900 588 permiscentes
923 537 1069 588 spatha
1090 543 1153 574 ter
1174 537 1251 574 die.
1307 537 1406 574 haec

235 605 322 636 erat
353 601 565 635 stomatice
598 611 678 647 qua
710 603 752 634 et
783 597 949 634 vulnera
980 596 1031 633 ad
1062 599 1289 633 cicatricem
1320 609 1407 646 per-

233 658 449 695 ducebant.
507 657 581 693 alia
604 659 728 693 ratio:
764 670 903 693 sucum
920 655 934 678 1
956 658 1103 692 siccato
1125 656 1408 705 exprimebant

232 730 350 766 pomo
383 716 555 752 multum
589 718 718 764 sapori
752 718 1009 764 opsoniorum
1042 713 1332 758 conferentem,
1364 716 1405 750 in

236 775 433 812 medicina
456 788 548 811 vero
575 780 714 811 contra
741 787 879 810 nomas
907 779 948 809 et
974 775 1147 822 pectoris
1172 775 1340 822 pituitas
1367 779 1409 810 et

236 835 478 883 ubicumque
519 847 618 882 opus
661 839 769 869 esset
810 833 1003 882 adstringi
1046 834 1209 868 viscera.
1265 831 1409 868 dentes

147 899 206 929 140
235 906 394 942 quoque
417 892 661 929 conluebant
684 905 742 928 eo.
800 894 966 927 tertium
988 904 1116 941 genus
1138 893 1218 927 suci
1243 889 1344 927 foliis
1368 896 1411 927 et

236 952 367 988 radice
413 951 588 987 decoctis
634 951 683 987 ad
729 951 914 986 ambusta
961 963 1008 985 ex
1054 949 1142 986 oleo
1186 949 1402 986 inlinenda.

236 1014 482 1060 inponuntur
505 1015 545 1046 et
569 1009 662 1045 folia
685 1022 756 1058 per
778 1022 832 1045 se.
889 1008 1000 1045 radix
1025 1021 1096 1057 per
1117 1020 1266 1044 messes
1290 1010 1411 1045 incisa

236 1083 374 1106 sucum
407 1069 478 1105 dat
512 1071 763 1118 aptissimum
796 1067 979 1104 dentium
1012 1067 1136 1103 dolori
1169 1066 1411 1103 collectioni-

236 1129 391 1177 busque
434 1133 475 1164 et
516 1127 885 1176 suppurationibus,
928 1126 1060 1162 alvum
1102 1131 1262 1175 purgat.
1319 1125 1411 1162 folia

236 1190 334 1223 mori
359 1189 398 1222 in
422 1189 535 1223 urina
558 1185 788 1222 madefacta
811 1185 934 1234 pilum
955 1187 1068 1221 coriis
1092 1183 1324 1221 detrahunt.

149 1252 205 1281 141
289 1245 456 1281 LXXII.
488 1245 649 1281 Cerasia
664 1245 796 1281 alvum
809 1244 1008 1286 molliunt,
1021 1242 1227 1280 stomacho
1241 1243 1411 1287 inutilia,

240 1305 381 1341 eadem
406 1307 553 1340 siccata
575 1304 707 1340 alvum
729 1306 890 1346 sistunt,
912 1305 1067 1339 urinam
1083 1305 1203 1338 cient.
1253 1304 1411 1339 invenio

239 1363 344 1412 apud
378 1369 575 1406 auctores,
607 1365 637 1399 si
671 1365 758 1411 quis
790 1364 991 1398 matutino
1024 1360 1177 1397 roscida
1208 1374 1299 1397 cum
1330 1364 1410 1397 suis

239 1422 387 1458 nucleis
419 1421 600 1465 devoret,
631 1423 671 1457 in
702 1426 863 1457 tantum
894 1420 1015 1456 levari
1048 1419 1180 1456 alvum
1210 1424 1257 1456 ut
1286 1419 1410 1468 pedes

240 1481 377 1516 morbo
399 1481 632 1516 liberentur.

292 1539 482 1575 LXXIII.
512 1538 685 1588 Mespila
700 1540 880 1587 exceptis
895 1539 1074 1581 setanfis,
1089 1549 1192 1586 quae
1206 1536 1311 1573 malo
1324 1550 1412 1586 pro-

238 1601 387 1647 piorem
411 1600 488 1634 vim
516 1597 683 1640 habent,
705 1597 858 1646 reliqua
880 1596 1137 1646 adstringunt
1159 1595 1409 1632 stomachum

253 1700 299 1773 ΠΙ
326 1699 401 1782 ab}
413 1700 510 1730 ratio.
530 1710 648 1730 sucum
668 1699 705 1735 Ε,
725 1697 910 1740 Dellefsen:
947 1698 1013 1729 alia
1029 1698 1116 1729 ratio
1133 1698 1203 1729 suci
1228 1696 1279 1729 Vd
1301 1696 1409 1738 Silliq,

244 1766 256 1773 Δ
286 1753 370 1781 ‘lym
401 1767 407 1773 .

277 1871 292 1885 ‘¹
315 1866 488 1906 Litcrally,
509 1866 528 1878 “
543 1866 602 1897 the
619 1866 707 1906 juice
725 1866 763 1897 of
777 1866 835 1897 the
853 1866 930 1897 skin
946 1865 1034 1897 from
1051 1865 1110 1897 the
1127 1863 1239 1896 root.”

280 1909 292 1929 ¹²
315 1909 375 1940 See
391 1909 500 1940 above
519 1910 533 1949 §
553 1910 612 1940 136
627 1908 694 1940 and
710 1913 791 1939 note
806 1920 837 1939 a.

278 1957 289 1971 ⁶
311 1954 371 1983 See
395 1953 470 1984 XV.
493 1953 508 1993 ξ
532 1954 572 1983 84
595 1953 738 1984 setaniae
761 1952 870 1983 mains
894 1962 1028 1993 pomum
1049 1950 1296 1991 candidi‘quae,
1318 1950 1410 1982 acini

235 1995 377 2027 molliore
395 1995 492 2037 liquo.

238 2058 306 2104 508
