1469 2299
100 367 159 397 106

103 740 162 771 107

105 1007 164 1039 108

387 98 582 136 PLINY:
627 99 889 137 NATURAL
921 99 1156 137 HISTORY

186 204 225 237 in
262 201 395 237 radice
432 203 526 238 suci.
582 214 717 238 amara
755 206 796 238 et
833 200 985 250 aphace
1023 207 1065 238 et
1102 213 1207 251 quae
1243 204 1358 250 picris

189 257 430 297 nominatur,
468 260 510 290 et
545 256 630 303 ipsa
666 259 754 291 toto
791 267 894 290 anno
930 253 1086 291 florens.
1141 267 1286 291 nomen
1324 257 1359 290 ei

188 307 412 344 amaritudo
434 310 620 356 inposuit.

238 360 380 397 LXVI.
412 361 607 397 Notabilis
629 366 671 397 et
695 360 827 397 scillae
853 363 1036 410 crocique
1061 366 1218 404 natura,
1239 360 1359 410 quod,

188 428 278 450 cum
300 427 437 451 omnes
458 413 607 450 herbae
629 413 767 450 folium
787 416 958 463 primum
981 416 1186 456 emittant,
1207 428 1297 450 mox
1321 416 1361 450 in

188 468 343 504 caulem
370 467 651 510 rotunde-ntur,
679 470 719 503 in
746 466 805 504 his
833 467 954 503 caulis
982 470 1087 516 prior
1113 467 1362 517 intellegitur

190 534 309 570 quam
346 520 496 557 folium.
553 526 594 557 et
630 523 670 557 in
705 534 818 557 croco
855 521 1017 569 quidem
1052 520 1123 557 flos
1159 521 1362 570 inpellitur

190 575 317 617 caule,
347 577 387 610 in
417 574 525 611 scilla
554 587 647 610 vero
676 574 797 610 caulis
828 576 926 617 exit,
957 574 1102 611 deinde
1133 587 1183 610 ex
1214 587 1261 611 eo
1291 573 1360 610 flos

191 630 373 677 emergit.
429 628 653 677 eademque
695 633 759 664 ter
800 626 929 669 floret,
970 633 1015 663 ut
1057 627 1243 671 diximus,
1286 630 1362 664 tria

190 687 373 730 tempora
401 684 625 718 arationum
653 680 881 717 ostendens.

242 734 407 770 LXVII.
438 735 654 771 Bulborum
679 736 814 784 generi
842 733 1005 784 quidam
1029 734 1297 770 adnumerant
1322 739 1364 770 et

191 791 329 838 cypiri,
360 787 432 824 hoc
463 794 524 824 est
553 788 728 837 gladioli,
758 787 944 824 radicem.
999 787 1123 823 dulcis
1153 800 1201 824 ea
1231 793 1291 824 est
1323 793 1364 824 et

192 854 296 891 quae
330 841 496 878 decocta
528 854 675 890 panem
709 844 831 878 etiam
864 843 1081 891 gratiorem
1115 840 1236 877 faciat
1268 854 1364 890 pon-

190 895 513 944 derosioremque
539 895 655 931 simul
679 895 858 931 subacta.
913 908 990 931 non
1017 894 1214 931 dissimilis
1240 897 1276 931 ei
1302 899 1364 931 est

191 961 295 998 quae
323 948 497 985 thesium
526 954 703 992 vocatur,
731 954 852 997 gustu
881 961 1033 997 aspera.

243 1001 431 1039 LXVIII.
462 1002 633 1038 Ceterae
654 1001 833 1038 eiusdem
854 1004 1011 1051 generis
1036 1000 1129 1038 folio
1153 1000 1364 1038 differunt:

193 1055 431 1105 asphodelus
474 1055 690 1105 oblongum
734 1061 775 1091 et
819 1060 1034 1105 angustum
1076 1053 1215 1098 habet,
1257 1054 1367 1091 scilla

192 1109 318 1146 latum
340 1115 381 1145 et
402 1109 626 1151 tractabile,
647 1108 841 1159 gladiolus
862 1108 988 1145 simile
1009 1110 1169 1144 nomini.
1225 1107 1366 1157 aspho-

192 1162 304 1199 delus
334 1162 537 1199 manditur
567 1168 608 1199 et
639 1164 791 1199 semine
825 1168 931 1198 tosto
962 1167 1004 1198 et
1036 1161 1172 1206 bulbo,
1202 1167 1264 1198 set
1292 1161 1366 1198 hoc

193 1219 233 1253 in
260 1219 392 1253 cinere
419 1221 539 1260 tosto,
567 1216 659 1253 dein
686 1215 768 1252 sale
796 1221 838 1252 et
864 1215 952 1252 oleo
979 1215 1130 1259 addito,
1154 1221 1367 1265 praeterea

191 1275 281 1307 tuso
323 1283 414 1307 curn
457 1270 551 1313 ficis,
594 1272 811 1320 praecipua
853 1269 1075 1318 voluptate,
1119 1274 1165 1306 ut
1208 1269 1367 1306 videtur

233 1371 246 1386 ⁰
270 1367 360 1397 Here
392 1366 561 1408 probably
593 1366 653 1397 the
685 1377 803 1408 genus,
836 1370 898 1397 not
930 1366 990 1397 the
1022 1366 1150 1397 saffron
1182 1376 1300 1397 crocus
1332 1367 1367 1397 in

187 1409 384 1451 particular.
430 1409 511 1440 This
557 1420 666 1440 seems
712 1409 816 1450 likely
863 1409 951 1440 from
1000 1409 1130 1450 Pliny’s
1176 1409 1367 1450 authority,

188 1452 457 1493 Theophrastus,
477 1451 565 1483 H.P.
586 1452 664 1483 VII.
687 1452 737 1489 13,
756 1453 787 1484 2.

236 1495 248 1514 δ
272 1495 406 1526 XVIII.
428 1496 532 1533 §244.

237 1543 248 1557 ⁰
270 1538 527 1579 Theophrastus
570 1537 630 1568 has
668 1537 782 1576 ἄροτος
819 1537 913 1577 (VII.
954 1538 1004 1574 13,
1041 1538 1088 1577 6),
1125 1537 1235 1568 which
1278 1537 1369 1568 Hort

189 1580 373 1612 translates
403 1581 422 1593 “
437 1580 652 1611 seed-time.”

232 1622 246 1642 ‘¹
270 1624 304 1655 It
323 1624 350 1654 is
369 1623 514 1654 difficult
533 1627 569 1654 to
588 1633 643 1654 see
663 1623 739 1664 why
759 1623 818 1654 the
837 1622 1041 1654 translators
1060 1622 1202 1654 render:
1237 1623 1256 1635 “
1272 1623 1368 1653 when

190 1666 303 1697 boiled
334 1666 402 1697 and
435 1665 591 1697 kneaded
624 1666 706 1696 with
742 1665 845 1696 bread
877 1666 994 1696 makes
1025 1666 1053 1696 it
1085 1669 1150 1697 etc
1157 1665 1176 1677 ’'
1234 1665 1278 1697 So
1309 1669 1368 1697 too

191 1709 292 1745 Hort,
316 1708 524 1749 translating
546 1708 803 1749 Theophrastus
822 1708 902 1739 VII.
930 1709 980 1745 12,
1005 1709 1043 1739 3.
1077 1707 1097 1748 ἦ
1120 1711 1178 1739 τοῦ
1201 1707 1369 1748 φασγάνου

191 1751 400 1791 καλουμένη(
405 1761 448 1782 sc.
465 1750 552 1790 ῥίζα)
568 1750 701 1790 γλυκεῖά
717 1764 751 1782 τε
766 1750 929 1791 ἑψηθεῖσα,
942 1751 996 1782 καὶ
1009 1750 1133 1802 τριφθεῖ
1122 1763 1174 1782 ισα
1188 1763 1368 1792 μιγνυμενη

190 1797 238 1835 τῷ
266 1755 400 1834 ἀλεύρῳ(
417 1796 504 1825 ποιεῖ
526 1793 582 1825 τὸν
611 1794 708 1834 ἄρτον
733 1793 853 1832 γλυκὺν
879 1807 933 1825 και
959 1792 1063 1834 ασινῆ.
1112 1791 1264 1834 ἑψηθεῖσα
1289 1804 1368 1835 goes

191 1837 274 1868 with
290 1835 421 1877 γλυκειά
439 1836 556 1877 (ἐστιν)
572 1837 641 1867 and
657 1835 786 1876 τριφθεῖ
774 1849 827 1867 wa
846 1837 929 1867 With
948 1838 1043 1867 ποιεῖ.
1092 1836 1162 1867 But
1180 1847 1260 1877 po‘n(
1249 1837 1368 1868 (Ierosi-

191 1891 277 1911 orem
300 1880 327 1910 is
350 1890 370 1910 a
393 1883 531 1920 strange
558 1880 737 1920 rendering
763 1879 801 1910 of
821 1878 916 1920 ἀσινῆ
939 1880 974 1919 (“
990 1879 1228 1916 wholesome‚'⁷
1252 1879 1369 1919 Hort),

191 1922 260 1953 and
277 1922 432 1963 Mayhoff
448 1926 603 1963 suggests
620 1922 877 1963 sponqiosiorem
895 1922 1054 1959 without,
1072 1922 1240 1959 however,
1261 1923 1369 1963 print-

192 1966 249 2007 ing
267 1966 294 1996 it
313 1966 347 1996 in
366 1965 418 1996 his
436 1969 524 1997 text.

197 2026 266 2073 238
