<?xml version="1.0" encoding="UTF-8"?>
<!DOCTYPE html PUBLIC "-//W3C//DTD XHTML 1.0 Transitional//EN"
    "http://www.w3.org/TR/xhtml1/DTD/xhtml1-transitional.dtd">
<html xmlns="http://www.w3.org/1999/xhtml" xml:lang="en" lang="en">
 <head>
  <title>
</title>
<meta http-equiv="Content-Type" content="text/html;charset=utf-8" />
  <meta name='ocr-system' content='tesseract 3.04.00' />
  <meta name='ocr-capabilities' content='ocr_page ocr_carea ocr_par ocr_line ocrx_word'/>
</head>
<body>
  <div class='ocr_page' id='page_1' title='image "./naturalhistory06plinuoft/naturalhistory06plinuoft_0148.png"; bbox 0 0 1469 2299; ppageno 0'>
   <div class='ocr_carea' id='block_1_1' title="bbox 80 695 142 726">
    <p class='ocr_par' dir='ltr' id='par_1_1' title="bbox 80 695 142 726">
     <span class='ocr_line' id='line_1_1' title="bbox 80 695 142 726; baseline -0.032 0"><span class='ocrx_word' id='word_1_1' title='bbox 80 695 142 726; x_wconf 72' lang='lat'>204</span> 
     </span>
    </p>
   </div>
   <div class='ocr_carea' id='block_1_2' title="bbox 84 1014 145 1045">
    <p class='ocr_par' dir='ltr' id='par_1_2' title="bbox 84 1014 145 1045">
     <span class='ocr_line' id='line_1_2' title="bbox 84 1014 145 1045; baseline 0.016 -1"><span class='ocrx_word' id='word_1_2' title='bbox 84 1014 145 1045; x_wconf 83' lang='lat'>205</span> 
     </span>
    </p>
   </div>
   <div class='ocr_carea' id='block_1_3' title="bbox 87 1280 148 1312">
    <p class='ocr_par' dir='ltr' id='par_1_3' title="bbox 87 1280 148 1312">
     <span class='ocr_line' id='line_1_3' title="bbox 87 1280 148 1312; baseline 0.033 -2"><span class='ocrx_word' id='word_1_3' title='bbox 87 1280 148 1312; x_wconf 80' lang='lat'>206</span> 
     </span>
    </p>
   </div>
   <div class='ocr_carea' id='block_1_4' title="bbox 371 108 1138 146">
    <p class='ocr_par' dir='ltr' id='par_1_4' title="bbox 371 108 1138 146">
     <span class='ocr_line' id='line_1_4' title="bbox 371 108 1138 146; baseline -0.001 -1"><span class='ocrx_word' id='word_1_4' title='bbox 371 108 564 145; x_wconf 76' lang='lat' dir='ltr'>PLINY:</span> <span class='ocrx_word' id='word_1_5' title='bbox 610 108 871 145; x_wconf 87' lang='lat' dir='ltr'><strong>NATURAL</strong></span> <span class='ocrx_word' id='word_1_6' title='bbox 904 108 1138 146; x_wconf 87' lang='lat' dir='ltr'>HISTORY</span> 
     </span>
    </p>
   </div>
   <div class='ocr_carea' id='block_1_5' title="bbox 166 210 1348 1635">
    <p class='ocr_par' dir='ltr' id='par_1_5' title="bbox 166 210 1343 680">
     <span class='ocr_line' id='line_1_5' title="bbox 166 210 1341 260; baseline -0.001 -12"><span class='ocrx_word' id='word_1_7' title='bbox 166 225 257 248; x_wconf 87' lang='lat' dir='ltr'>mox</span> <span class='ocrx_word' id='word_1_8' title='bbox 277 213 317 247; x_wconf 92' lang='lat' dir='ltr'>in</span> <span class='ocrx_word' id='word_1_9' title='bbox 334 211 516 254; x_wconf 84' lang='lat' dir='ltr'>lucernis,</span> <span class='ocrx_word' id='word_1_10' title='bbox 534 216 579 247; x_wconf 81' lang='lat' dir='ltr'>ut</span> <span class='ocrx_word' id='word_1_11' title='bbox 597 224 696 260; x_wconf 89' lang='lat' dir='ltr'>pura</span> <span class='ocrx_word' id='word_1_12' title='bbox 714 210 845 246; x_wconf 89' lang='lat' dir='ltr'>luceat</span> <span class='ocrx_word' id='word_1_13' title='bbox 863 210 1023 246; x_wconf 82' lang='lat' dir='ltr'>flamma</span> <span class='ocrx_word' id='word_1_14' title='bbox 1041 216 1082 247; x_wconf 87' lang='lat' dir='ltr'>et</span> <span class='ocrx_word' id='word_1_15' title='bbox 1100 216 1145 247; x_wconf 85' lang='lat' dir='ltr'>ut</span> <span class='ocrx_word' id='word_1_16' title='bbox 1164 213 1341 247; x_wconf 87' lang='lat' dir='ltr'>extincto</span> 
     </span>
     <span class='ocr_line' id='line_1_6' title="bbox 167 263 1341 313; baseline -0.001 -12"><span class='ocrx_word' id='word_1_17' title='bbox 167 265 328 301; x_wconf 90' lang='lat' dir='ltr'>demum</span> <span class='ocrx_word' id='word_1_18' title='bbox 354 264 474 308; x_wconf 89' lang='lat' dir='ltr'>oleat,</span> <span class='ocrx_word' id='word_1_19' title='bbox 498 277 602 313; x_wconf 88' lang='lat' dir='ltr'>quae</span> <span class='ocrx_word' id='word_1_20' title='bbox 626 266 666 300; x_wconf 91' lang='lat' dir='ltr'>in</span> <span class='ocrx_word' id='word_1_21' title='bbox 689 263 823 300; x_wconf 89' lang='lat' dir='ltr'>fucato</span> <span class='ocrx_word' id='word_1_22' title='bbox 848 277 925 300; x_wconf 93' lang='lat' dir='ltr'>non</span> <span class='ocrx_word' id='word_1_23' title='bbox 951 266 1150 300; x_wconf 88' lang='lat' dir='ltr'>eveniunt.</span> <span class='ocrx_word' id='word_1_24' title='bbox 1205 277 1341 300; x_wconf 81' lang='lat' dir='ltr'>accen—</span> 
     </span>
     <span class='ocr_line' id='line_1_7' title="bbox 167 317 1341 367; baseline 0 -13"><span class='ocrx_word' id='word_1_25' title='bbox 167 318 275 354; x_wconf 85' lang='lat' dir='ltr'>ditur</span> <span class='ocrx_word' id='word_1_26' title='bbox 307 331 465 367; x_wconf 90' lang='lat' dir='ltr'>quoque</span> <span class='ocrx_word' id='word_1_27' title='bbox 498 317 688 354; x_wconf 89' lang='lat' dir='ltr'>difficilius</span> <span class='ocrx_word' id='word_1_28' title='bbox 723 323 763 353; x_wconf 89' lang='lat' dir='ltr'>et</span> <span class='ocrx_word' id='word_1_29' title='bbox 796 317 933 353; x_wconf 88' lang='lat' dir='ltr'>crebro</span> <span class='ocrx_word' id='word_1_30' title='bbox 967 319 1225 366; x_wconf 79' lang='lat' dir='ltr'>extinguitur.</span> <span class='ocrx_word' id='word_1_31' title='bbox 1281 323 1341 354; x_wconf 90' lang='lat' dir='ltr'>est</span> 
     </span>
     <span class='ocr_line' id='line_1_8' title="bbox 168 371 1343 420; baseline -0.001 -13"><span class='ocrx_word' id='word_1_32' title='bbox 168 373 308 407; x_wconf 77' lang='lat' dir='ltr'><strong>sinceri</strong></span> <span class='ocrx_word' id='word_1_33' title='bbox 333 373 652 420; x_wconf 80' lang='lat' dir='ltr'>experimentum</span> <span class='ocrx_word' id='word_1_34' title='bbox 677 376 718 406; x_wconf 91' lang='lat' dir='ltr'>et</span> <span class='ocrx_word' id='word_1_35' title='bbox 741 373 781 406; x_wconf 94' lang='lat' dir='ltr'>in</span> <span class='ocrx_word' id='word_1_36' title='bbox 803 383 920 419; x_wconf 87' lang='lat' dir='ltr'>aqua,</span> <span class='ocrx_word' id='word_1_37' title='bbox 943 373 1129 419; x_wconf 89' lang='lat' dir='ltr'>quoniam</span> <span class='ocrx_word' id='word_1_38' title='bbox 1152 376 1197 406; x_wconf 92' lang='lat' dir='ltr'>ut</span> <span class='ocrx_word' id='word_1_39' title='bbox 1220 371 1343 407; x_wconf 89' lang='lat' dir='ltr'>nube-</span> 
     </span>
     <span class='ocr_line' id='line_1_9' title="bbox 169 423 1342 472; baseline -0.001 -12"><span class='ocrx_word' id='word_1_40' title='bbox 169 424 256 461; x_wconf 84' lang='lat' dir='ltr'>cula</span> <span class='ocrx_word' id='word_1_41' title='bbox 290 427 459 468; x_wconf 87' lang='lat' dir='ltr'>innatat,</span> <span class='ocrx_word' id='word_1_42' title='bbox 490 424 627 460; x_wconf 87' lang='lat' dir='ltr'>fictum</span> <span class='ocrx_word' id='word_1_43' title='bbox 657 426 697 459; x_wconf 93' lang='lat' dir='ltr'>in</span> <span class='ocrx_word' id='word_1_44' title='bbox 728 423 888 472; x_wconf 80' lang='lat' dir='ltr'><strong>pusulas</strong></span> <span class='ocrx_word' id='word_1_45' title='bbox 921 426 1011 460; x_wconf 91' lang='lat' dir='ltr'>coit.</span> <span class='ocrx_word' id='word_1_46' title='bbox 1067 423 1137 460; x_wconf 92' lang='lat' dir='ltr'>sed</span> <span class='ocrx_word' id='word_1_47' title='bbox 1170 426 1342 460; x_wconf 82' lang='lat' dir='ltr'>maxime</span> 
     </span>
     <span class='ocr_line' id='line_1_10' title="bbox 168 476 1342 526; baseline -0.001 -13"><span class='ocrx_word' id='word_1_48' title='bbox 168 480 310 513; x_wconf 87' lang='lat' dir='ltr'>mirum</span> <span class='ocrx_word' id='word_1_49' title='bbox 337 484 397 514; x_wconf 89' lang='lat' dir='ltr'>est</span> <span class='ocrx_word' id='word_1_50' title='bbox 422 479 573 514; x_wconf 85' lang='lat' dir='ltr'>aestivo</span> <span class='ocrx_word' id='word_1_51' title='bbox 598 476 679 513; x_wconf 91' lang='lat' dir='ltr'>sole</span> <span class='ocrx_word' id='word_1_52' title='bbox 704 476 962 526; x_wconf 88' lang='lat' dir='ltr'>deprehendi.</span> <span class='ocrx_word' id='word_1_53' title='bbox 1017 478 1212 513; x_wconf 86' lang='lat' dir='ltr'>sincerum</span> <span class='ocrx_word' id='word_1_54' title='bbox 1238 479 1342 513; x_wconf 91' lang='lat' dir='ltr'>enim</span> 
     </span>
     <span class='ocr_line' id='line_1_11' title="bbox 168 529 1341 567; baseline -0.001 0"><span class='ocrx_word' id='word_1_55' title='bbox 168 531 285 567; x_wconf 90' lang='lat' dir='ltr'>sudat</span> <span class='ocrx_word' id='word_1_56' title='bbox 322 536 364 567; x_wconf 85' lang='lat' dir='ltr'>et</span> <span class='ocrx_word' id='word_1_57' title='bbox 398 543 440 567; x_wconf 88' lang='lat' dir='ltr'>se</span> <span class='ocrx_word' id='word_1_58' title='bbox 475 530 590 567; x_wconf 83' lang='lat' dir='ltr'>diluit</span> <span class='ocrx_word' id='word_1_59' title='bbox 625 530 751 566; x_wconf 90' lang='lat' dir='ltr'>donec</span> <span class='ocrx_word' id='word_1_60' title='bbox 786 543 878 566; x_wconf 90' lang='lat' dir='ltr'>suco</span> <span class='ocrx_word' id='word_1_61' title='bbox 913 532 1062 566; x_wconf 78' lang='lat' dir='ltr'>recenti</span> <span class='ocrx_word' id='word_1_62' title='bbox 1099 529 1224 566; x_wconf 91' lang='lat' dir='ltr'>simile</span> <span class='ocrx_word' id='word_1_63' title='bbox 1261 530 1341 566; x_wconf 88' lang='lat' dir='ltr'>fiat.</span> 
     </span>
     <span class='ocr_line' id='line_1_12' title="bbox 171 582 1343 633; baseline 0 -14"><span class='ocrx_word' id='word_1_64' title='bbox 171 583 375 620; x_wconf 90' lang='lat' dir='ltr'>Mnesides</span> <span class='ocrx_word' id='word_1_65' title='bbox 411 586 562 633; x_wconf 90' lang='lat' dir='ltr'>optime</span> <span class='ocrx_word' id='word_1_66' title='bbox 597 585 742 620; x_wconf 86' lang='lat' dir='ltr'>servari</span> <span class='ocrx_word' id='word_1_67' title='bbox 777 589 895 632; x_wconf 89' lang='lat' dir='ltr'>putat</span> <span class='ocrx_word' id='word_1_68' title='bbox 929 582 1158 633; x_wconf 83' lang='lat' dir='ltr'>hyoscyami</span> <span class='ocrx_word' id='word_1_69' title='bbox 1193 586 1343 620; x_wconf 91' lang='lat' dir='ltr'>semine</span> 
     </span>
     <span class='ocr_line' id='line_1_13' title="bbox 169 636 615 680; baseline -0.002 -7"><span class='ocrx_word' id='word_1_70' title='bbox 169 637 338 680; x_wconf 90' lang='lat' dir='ltr'>adiecto,</span> <span class='ocrx_word' id='word_1_71' title='bbox 362 636 427 673; x_wconf 87' lang='lat' dir='ltr'>alii</span> <span class='ocrx_word' id='word_1_72' title='bbox 450 640 489 673; x_wconf 92' lang='lat' dir='ltr'>in</span> <span class='ocrx_word' id='word_1_73' title='bbox 512 636 615 673; x_wconf 89' lang='lat' dir='ltr'>faba.</span> 
     </span>
    </p>

    <p class='ocr_par' dir='ltr' id='par_1_6' title="bbox 169 689 1346 993">
     <span class='ocr_line' id='line_1_14' title="bbox 221 689 1344 739; baseline -0.002 -12"><span class='ocrx_word' id='word_1_74' title='bbox 221 690 424 727; x_wconf 87' lang='lat' dir='ltr'>LXXVII.</span> <span class='ocrx_word' id='word_1_75' title='bbox 456 689 567 726; x_wconf 83' lang='lat' dir='ltr'>Inter</span> <span class='ocrx_word' id='word_1_76' title='bbox 586 692 711 726; x_wconf 85' lang='lat' dir='ltr'>sativa</span> <span class='ocrx_word' id='word_1_77' title='bbox 734 695 775 725; x_wconf 83' lang='lat' dir='ltr'>et</span> <span class='ocrx_word' id='word_1_78' title='bbox 796 689 989 726; x_wconf 81' lang='lat' dir='ltr'>silvestria</span> <span class='ocrx_word' id='word_1_79' title='bbox 1009 689 1184 726; x_wconf 87' lang='lat' dir='ltr'>medium</span> <span class='ocrx_word' id='word_1_80' title='bbox 1205 702 1344 739; x_wconf 88' lang='lat' dir='ltr'>genus,</span> 
     </span>
     <span class='ocr_line' id='line_1_15' title="bbox 170 742 1344 793; baseline 0 -14"><span class='ocrx_word' id='word_1_81' title='bbox 170 746 356 793; x_wconf 80' lang='lat' dir='ltr'>quoniam</span> <span class='ocrx_word' id='word_1_82' title='bbox 395 746 435 779; x_wconf 93' lang='lat' dir='ltr'>in</span> <span class='ocrx_word' id='word_1_83' title='bbox 473 746 573 779; x_wconf 84' lang='lat' dir='ltr'>arvis</span> <span class='ocrx_word' id='word_1_84' title='bbox 612 743 681 779; x_wconf 91' lang='lat' dir='ltr'>sed</span> <span class='ocrx_word' id='word_1_85' title='bbox 720 749 862 792; x_wconf 87' lang='lat' dir='ltr'>sponte</span> <span class='ocrx_word' id='word_1_86' title='bbox 901 749 1144 786; x_wconf 88' lang='lat' dir='ltr'>nasceretur,</span> <span class='ocrx_word' id='word_1_87' title='bbox 1182 742 1344 779; x_wconf 84' lang='lat' dir='ltr'>rhoeam</span> 
     </span>
     <span class='ocr_line' id='line_1_16' title="bbox 169 795 1345 845; baseline -0.001 -12"><span class='ocrx_word' id='word_1_88' title='bbox 169 799 392 833; x_wconf 85' lang='lat' dir='ltr'>vocavimus</span> <span class='ocrx_word' id='word_1_89' title='bbox 416 802 457 833; x_wconf 91' lang='lat' dir='ltr'>et</span> <span class='ocrx_word' id='word_1_90' title='bbox 481 798 704 833; x_wconf 87' lang='lat' dir='ltr'>erraticum.</span> <span class='ocrx_word' id='word_1_91' title='bbox 759 795 921 845; x_wconf 88' lang='lat' dir='ltr'>quidam</span> <span class='ocrx_word' id='word_1_92' title='bbox 942 795 982 832; x_wconf 93' lang='lat' dir='ltr'>id</span> <span class='ocrx_word' id='word_1_93' title='bbox 1003 796 1237 845; x_wconf 81' lang='lat' dir='ltr'>decerptum</span> <span class='ocrx_word' id='word_1_94' title='bbox 1258 809 1345 845; x_wconf 90' lang='lat' dir='ltr'>pro-</span> 
     </span>
     <span class='ocr_line' id='line_1_17' title="bbox 169 849 1344 886; baseline -0.001 0"><span class='ocrx_word' id='word_1_95' title='bbox 169 853 276 886; x_wconf 87' lang='lat' dir='ltr'>tinus</span> <span class='ocrx_word' id='word_1_96' title='bbox 313 863 403 886; x_wconf 93' lang='lat' dir='ltr'>cum</span> <span class='ocrx_word' id='word_1_97' title='bbox 440 855 527 886; x_wconf 87' lang='lat' dir='ltr'>toto</span> <span class='ocrx_word' id='word_1_98' title='bbox 564 849 685 886; x_wconf 87' lang='lat' dir='ltr'>calice</span> <span class='ocrx_word' id='word_1_99' title='bbox 721 849 930 886; x_wconf 84' lang='lat' dir='ltr'>mandunt.</span> <span class='ocrx_word' id='word_1_100' title='bbox 985 849 1116 886; x_wconf 84' lang='lat' dir='ltr'>alvum</span> <span class='ocrx_word' id='word_1_101' title='bbox 1154 851 1344 886; x_wconf 86' lang='lat' dir='ltr'>exinanit.</span> 
     </span>
     <span class='ocr_line' id='line_1_18' title="bbox 169 901 1346 953; baseline -0.001 -14"><span class='ocrx_word' id='word_1_102' title='bbox 169 906 302 952; x_wconf 88' lang='lat' dir='ltr'>capita</span> <span class='ocrx_word' id='word_1_103' title='bbox 330 906 506 953; x_wconf 87' lang='lat' dir='ltr'>quinque</span> <span class='ocrx_word' id='word_1_104' title='bbox 534 903 700 940; x_wconf 88' lang='lat' dir='ltr'>decocta</span> <span class='ocrx_word' id='word_1_105' title='bbox 726 905 767 939; x_wconf 90' lang='lat' dir='ltr'>in</span> <span class='ocrx_word' id='word_1_106' title='bbox 794 905 873 939; x_wconf 91' lang='lat' dir='ltr'>vini</span> <span class='ocrx_word' id='word_1_107' title='bbox 900 902 1027 939; x_wconf 90' lang='lat' dir='ltr'>tribus</span> <span class='ocrx_word' id='word_1_108' title='bbox 1055 901 1222 939; x_wconf 87' lang='lat' dir='ltr'>heminis</span> <span class='ocrx_word' id='word_1_109' title='bbox 1250 909 1346 950; x_wconf 86' lang='lat' dir='ltr'>pota</span> 
     </span>
     <span class='ocr_line' id='line_1_19' title="bbox 171 956 604 993; baseline -0.002 0"><span class='ocrx_word' id='word_1_110' title='bbox 171 963 212 993; x_wconf 85' lang='lat' dir='ltr'>et</span> <span class='ocrx_word' id='word_1_111' title='bbox 236 970 417 993; x_wconf 80' lang='lat' dir='ltr'>somnum</span> <span class='ocrx_word' id='word_1_112' title='bbox 442 956 604 993; x_wconf 85' lang='lat' dir='ltr'>faciunt.</span> 
     </span>
    </p>

    <p class='ocr_par' dir='ltr' id='par_1_7' title="bbox 171 1009 1348 1635">
     <span class='ocr_line' id='line_1_20' title="bbox 222 1009 1345 1059; baseline 0 -14"><span class='ocrx_word' id='word_1_113' title='bbox 222 1010 449 1046; x_wconf 76' lang='lat' dir='ltr'>LXXVIII.</span> <span class='ocrx_word' id='word_1_114' title='bbox 490 1009 736 1047; x_wconf 88' lang='lat' dir='ltr'>Silvestrium</span> <span class='ocrx_word' id='word_1_115' title='bbox 791 1022 913 1046; x_wconf 91' lang='lat' dir='ltr'>unum</span> <span class='ocrx_word' id='word_1_116' title='bbox 967 1022 1092 1059; x_wconf 86' lang='lat' dir='ltr'>genus</span> <span class='ocrx_word' id='word_1_117' title='bbox 1146 1011 1345 1046; x_wconf 85' lang='lat' dir='ltr'>ceratitim</span> 
     </span>
     <span class='ocr_line' id='line_1_21' title="bbox 174 1062 1346 1113; baseline 0 -14"><span class='ocrx_word' id='word_1_118' title='bbox 174 1069 331 1107; x_wconf 87' lang='lat' dir='ltr'>vocant,</span> <span class='ocrx_word' id='word_1_119' title='bbox 353 1066 523 1113; x_wconf 84' lang='lat' dir='ltr'>nigrum,</span> <span class='ocrx_word' id='word_1_120' title='bbox 544 1063 705 1100; x_wconf 85' lang='lat' dir='ltr'>cubitali</span> <span class='ocrx_word' id='word_1_121' title='bbox 735 1062 959 1106; x_wconf 89' lang='lat' dir='ltr'>altitudine,</span> <span class='ocrx_word' id='word_1_122' title='bbox 987 1062 1118 1099; x_wconf 89' lang='lat' dir='ltr'>radice</span> <span class='ocrx_word' id='word_1_123' title='bbox 1147 1075 1276 1099; x_wconf 86' lang='lat' dir='ltr'>crassa</span> <span class='ocrx_word' id='word_1_124' title='bbox 1305 1068 1346 1099; x_wconf 89' lang='lat' dir='ltr'>et</span> 
     </span>
     <span class='ocr_line' id='line_1_22' title="bbox 175 1115 1347 1167; baseline 0 -15"><span class='ocrx_word' id='word_1_125' title='bbox 175 1119 378 1160; x_wconf 90' lang='lat' dir='ltr'>corticosa‚</span> <span class='ocrx_word' id='word_1_126' title='bbox 398 1117 574 1167; x_wconf 82' lang='lat' dir='ltr'>calyculo</span> <span class='ocrx_word' id='word_1_127' title='bbox 594 1116 739 1153; x_wconf 85' lang='lat' dir='ltr'>inflexo</span> <span class='ocrx_word' id='word_1_128' title='bbox 755 1122 801 1153; x_wconf 86' lang='lat' dir='ltr'>ut</span> <span class='ocrx_word' id='word_1_129' title='bbox 819 1115 1026 1153; x_wconf 91' lang='lat' dir='ltr'>corniculo.</span> <span class='ocrx_word' id='word_1_130' title='bbox 1083 1115 1175 1152; x_wconf 87' lang='lat' dir='ltr'>folia</span> <span class='ocrx_word' id='word_1_131' title='bbox 1196 1118 1347 1152; x_wconf 90' lang='lat' dir='ltr'>minora</span> 
     </span>
     <span class='ocr_line' id='line_1_23' title="bbox 174 1169 1347 1219; baseline -0.001 -13"><span class='ocrx_word' id='word_1_132' title='bbox 174 1176 216 1206; x_wconf 89' lang='lat' dir='ltr'>et</span> <span class='ocrx_word' id='word_1_133' title='bbox 244 1173 425 1207; x_wconf 86' lang='lat' dir='ltr'>tenuiora</span> <span class='ocrx_word' id='word_1_134' title='bbox 454 1183 572 1219; x_wconf 88' lang='lat' dir='ltr'>quam</span> <span class='ocrx_word' id='word_1_135' title='bbox 596 1172 738 1207; x_wconf 87' lang='lat' dir='ltr'>ceteris</span> <span class='ocrx_word' id='word_1_136' title='bbox 767 1169 1020 1207; x_wconf 86' lang='lat' dir='ltr'>silvestribus.</span> <span class='ocrx_word' id='word_1_137' title='bbox 1079 1182 1215 1206; x_wconf 86' lang='lat' dir='ltr'>semen</span> <span class='ocrx_word' id='word_1_138' title='bbox 1245 1169 1347 1206; x_wconf 88' lang='lat' dir='ltr'>exile</span> 
     </span>
     <span class='ocr_line' id='line_1_24' title="bbox 171 1222 1346 1272; baseline -0.001 -12"><span class='ocrx_word' id='word_1_139' title='bbox 171 1227 455 1272; x_wconf 85' lang='lat' dir='ltr'>tempestivum</span> <span class='ocrx_word' id='word_1_140' title='bbox 494 1230 555 1260; x_wconf 91' lang='lat' dir='ltr'>est</span> <span class='ocrx_word' id='word_1_141' title='bbox 591 1224 797 1267; x_wconf 84' lang='lat' dir='ltr'>messibus,</span> <span class='ocrx_word' id='word_1_142' title='bbox 831 1222 961 1260; x_wconf 88' lang='lat' dir='ltr'>alvum</span> <span class='ocrx_word' id='word_1_143' title='bbox 999 1229 1143 1272; x_wconf 85' lang='lat' dir='ltr'>purgat</span> <span class='ocrx_word' id='word_1_144' title='bbox 1184 1222 1346 1259; x_wconf 89' lang='lat' dir='ltr'>dimidio</span> 
     </span>
     <span class='ocr_line' id='line_1_25' title="bbox 172 1276 1347 1325; baseline -0.001 -12"><span class='ocrx_word' id='word_1_145' title='bbox 172 1277 380 1314; x_wconf 86' lang='lat' dir='ltr'>acetabulo</span> <span class='ocrx_word' id='word_1_146' title='bbox 415 1280 453 1313; x_wconf 88' lang='lat' dir='ltr'>in</span> <span class='ocrx_word' id='word_1_147' title='bbox 491 1277 628 1314; x_wconf 89' lang='lat' dir='ltr'>mulso.</span> <span class='ocrx_word' id='word_1_148' title='bbox 686 1276 778 1313; x_wconf 87' lang='lat' dir='ltr'>folia</span> <span class='ocrx_word' id='word_1_149' title='bbox 829 1279 925 1313; x_wconf 89' lang='lat' dir='ltr'>trita</span> <span class='ocrx_word' id='word_1_150' title='bbox 944 1289 1032 1313; x_wconf 88' lang='lat' dir='ltr'>cum</span> <span class='ocrx_word' id='word_1_151' title='bbox 1066 1276 1153 1312; x_wconf 93' lang='lat' dir='ltr'>oleo</span> <span class='ocrx_word' id='word_1_152' title='bbox 1187 1289 1347 1325; x_wconf 86' lang='lat' dir='ltr'>argema</span> 
     </span>
     <span class='ocr_line' id='line_1_26' title="bbox 172 1329 1347 1367; baseline -0.001 0"><span class='ocrx_word' id='word_1_153' title='bbox 172 1332 439 1367; x_wconf 87' lang='lat' dir='ltr'>iumentorum</span> <span class='ocrx_word' id='word_1_154' title='bbox 459 1336 614 1367; x_wconf 89' lang='lat' dir='ltr'>sanant.</span> <span class='ocrx_word' id='word_1_155' title='bbox 670 1329 783 1366; x_wconf 87' lang='lat' dir='ltr'>radix</span> <span class='ocrx_word' id='word_1_156' title='bbox 805 1329 1003 1367; x_wconf 85' lang='lat' dir='ltr'>acetabuli</span> <span class='ocrx_word' id='word_1_157' title='bbox 1032 1342 1216 1366; x_wconf 87' lang='lat' dir='ltr'>mensura</span> <span class='ocrx_word' id='word_1_158' title='bbox 1235 1335 1347 1366; x_wconf 81' lang='lat' dir='ltr'>cocta</span> 
     </span>
     <span class='ocr_line' id='line_1_27' title="bbox 175 1382 1347 1421; baseline 0 -1"><span class='ocrx_word' id='word_1_159' title='bbox 175 1386 214 1420; x_wconf 93' lang='lat' dir='ltr'>in</span> <span class='ocrx_word' id='word_1_160' title='bbox 243 1384 394 1421; x_wconf 88' lang='lat' dir='ltr'>duobus</span> <span class='ocrx_word' id='word_1_161' title='bbox 423 1386 604 1421; x_wconf 88' lang='lat' dir='ltr'>sextariis</span> <span class='ocrx_word' id='word_1_162' title='bbox 631 1383 682 1420; x_wconf 90' lang='lat' dir='ltr'>ad</span> <span class='ocrx_word' id='word_1_163' title='bbox 701 1383 881 1420; x_wconf 89' lang='lat' dir='ltr'>dimidias</span> <span class='ocrx_word' id='word_1_164' title='bbox 901 1383 1019 1420; x_wconf 86' lang='lat' dir='ltr'>datur</span> <span class='ocrx_word' id='word_1_165' title='bbox 1047 1382 1097 1419; x_wconf 92' lang='lat' dir='ltr'>ad</span> <span class='ocrx_word' id='word_1_166' title='bbox 1125 1382 1347 1420; x_wconf 90' lang='lat' dir='ltr'>lumborum</span> 
     </span>
     <span class='ocr_line' id='line_1_28' title="bbox 174 1436 1347 1475; baseline -0.001 -2"><span class='ocrx_word' id='word_1_167' title='bbox 174 1439 270 1474; x_wconf 88' lang='lat' dir='ltr'>vitia</span> <span class='ocrx_word' id='word_1_168' title='bbox 309 1443 350 1475; x_wconf 86' lang='lat' dir='ltr'>et</span> <span class='ocrx_word' id='word_1_169' title='bbox 378 1440 569 1474; x_wconf 88' lang='lat' dir='ltr'>iocineris.</span> <span class='ocrx_word' id='word_1_170' title='bbox 626 1437 870 1474; x_wconf 87' lang='lat' dir='ltr'>carbunculis</span> <span class='ocrx_word' id='word_1_171' title='bbox 909 1436 1121 1473; x_wconf 89' lang='lat' dir='ltr'>medentur</span> <span class='ocrx_word' id='word_1_172' title='bbox 1150 1449 1199 1473; x_wconf 87' lang='lat' dir='ltr'>ex</span> <span class='ocrx_word' id='word_1_173' title='bbox 1228 1436 1347 1473; x_wconf 90' lang='lat' dir='ltr'>melle</span> 
     </span>
     <span class='ocr_line' id='line_1_29' title="bbox 174 1489 1348 1540; baseline 0 -14"><span class='ocrx_word' id='word_1_174' title='bbox 174 1489 278 1527; x_wconf 84' lang='lat' dir='ltr'>folia.</span> <span class='ocrx_word' id='word_1_175' title='bbox 336 1491 497 1540; x_wconf 78' lang='lat' dir='ltr'>quidam</span> <span class='ocrx_word' id='word_1_176' title='bbox 526 1490 598 1527; x_wconf 89' lang='lat' dir='ltr'>hoc</span> <span class='ocrx_word' id='word_1_177' title='bbox 617 1503 742 1540; x_wconf 83' lang='lat' dir='ltr'>genus</span> <span class='ocrx_word' id='word_1_178' title='bbox 771 1490 953 1540; x_wconf 87' lang='lat' dir='ltr'>glaucion</span> <span class='ocrx_word' id='word_1_179' title='bbox 975 1496 1132 1533; x_wconf 85' lang='lat' dir='ltr'>vocant,</span> <span class='ocrx_word' id='word_1_180' title='bbox 1151 1490 1216 1526; x_wconf 90' lang='lat' dir='ltr'>alii</span> <span class='ocrx_word' id='word_1_181' title='bbox 1236 1503 1348 1539; x_wconf 85' lang='lat' dir='ltr'>para-</span> 
     </span>
     <span class='ocr_line' id='line_1_30' title="bbox 173 1543 1348 1581; baseline 0 -1"><span class='ocrx_word' id='word_1_182' title='bbox 173 1543 280 1581; x_wconf 89' lang='lat' dir='ltr'>lium.</span> <span class='ocrx_word' id='word_1_183' title='bbox 342 1547 515 1581; x_wconf 86' lang='lat' dir='ltr'>nascitur</span> <span class='ocrx_word' id='word_1_184' title='bbox 549 1546 654 1581; x_wconf 89' lang='lat' dir='ltr'>enim</span> <span class='ocrx_word' id='word_1_185' title='bbox 691 1546 732 1580; x_wconf 93' lang='lat' dir='ltr'>in</span> <span class='ocrx_word' id='word_1_186' title='bbox 761 1543 912 1581; x_wconf 86' lang='lat' dir='ltr'>adflatu</span> <span class='ocrx_word' id='word_1_187' title='bbox 944 1546 1061 1580; x_wconf 87' lang='lat' dir='ltr'>maris</span> <span class='ocrx_word' id='word_1_188' title='bbox 1095 1549 1165 1580; x_wconf 89' lang='lat' dir='ltr'>aut</span> <span class='ocrx_word' id='word_1_189' title='bbox 1197 1545 1348 1580; x_wconf 80' lang='lat' dir='ltr'>nitroso</span> 
     </span>
     <span class='ocr_line' id='line_1_31' title="bbox 173 1596 269 1635; baseline 0.021 -2"><span class='ocrx_word' id='word_1_190' title='bbox 173 1596 269 1635; x_wconf 86' lang='lat' dir='ltr'>loco.</span> 
     </span>
    </p>
   </div>
   <div class='ocr_carea' id='block_1_6' title="bbox 213 1758 1347 1799">
    <p class='ocr_par' dir='ltr' id='par_1_8' title="bbox 213 1758 1347 1799">
     <span class='ocr_line' id='line_1_32' title="bbox 213 1758 1347 1799; baseline -0.001 -9"><span class='ocrx_word' id='word_1_191' title='bbox 213 1764 228 1779; x_wconf 78' lang='lat'><strong>⁰</strong></span> <span class='ocrx_word' id='word_1_192' title='bbox 251 1759 348 1791; x_wconf 87' lang='lat' dir='ltr'>Book</span> <span class='ocrx_word' id='word_1_193' title='bbox 369 1759 468 1791; x_wconf 92' lang='lat' dir='ltr'>XIX.</span> <span class='ocrx_word' id='word_1_194' title='bbox 487 1761 502 1799; x_wconf 63' lang='grc' dir='ltr'><strong>ς</strong></span> <span class='ocrx_word' id='word_1_195' title='bbox 519 1760 591 1791; x_wconf 85' lang='grc'><strong>169.</strong></span> <span class='ocrx_word' id='word_1_196' title='bbox 638 1759 673 1790; x_wconf 76' lang='lat' dir='ltr'>It</span> <span class='ocrx_word' id='word_1_197' title='bbox 690 1759 717 1790; x_wconf 82' lang='lat' dir='ltr'>is</span> <span class='ocrx_word' id='word_1_198' title='bbox 734 1758 823 1790; x_wconf 86' lang='lat' dir='ltr'>clear</span> <span class='ocrx_word' id='word_1_199' title='bbox 840 1758 927 1790; x_wconf 89' lang='lat' dir='ltr'>from</span> <span class='ocrx_word' id='word_1_200' title='bbox 945 1758 1004 1789; x_wconf 81' lang='lat' dir='ltr'>the</span> <span class='ocrx_word' id='word_1_201' title='bbox 1021 1758 1229 1799; x_wconf 78' lang='lat' dir='ltr'>description</span> <span class='ocrx_word' id='word_1_202' title='bbox 1246 1758 1347 1799; x_wconf 82' lang='lat' dir='ltr'>given</span> 
     </span>
    </p>
   </div>
   <div class='ocr_carea' id='block_1_7' title="bbox 168 1800 1347 1876">
    <p class='ocr_par' dir='ltr' id='par_1_9' title="bbox 168 1800 1347 1876">
     <span class='ocr_line' id='line_1_33' title="bbox 168 1800 1347 1843; baseline -0.001 -10"><span class='ocrx_word' id='word_1_203' title='bbox 168 1803 247 1834; x_wconf 78' lang='lat' dir='ltr'>that</span> <span class='ocrx_word' id='word_1_204' title='bbox 278 1803 347 1833; x_wconf 82' lang='lat' dir='ltr'>this</span> <span class='ocrx_word' id='word_1_205' title='bbox 378 1803 406 1833; x_wconf 79' lang='lat' dir='ltr'>is</span> <span class='ocrx_word' id='word_1_206' title='bbox 433 1813 494 1834; x_wconf 91' lang='lat' dir='ltr'>our</span> <span class='ocrx_word' id='word_1_207' title='bbox 524 1802 602 1833; x_wconf 81' lang='lat' dir='ltr'>field</span> <span class='ocrx_word' id='word_1_208' title='bbox 630 1812 759 1843; x_wconf 90' lang='lat' dir='ltr'>poppy,</span> <span class='ocrx_word' id='word_1_209' title='bbox 783 1812 821 1833; x_wconf 84' lang='lat' dir='ltr'>so</span> <span class='ocrx_word' id='word_1_210' title='bbox 851 1812 1010 1833; x_wconf 86' lang='lat' dir='ltr'>common</span> <span class='ocrx_word' id='word_1_211' title='bbox 1040 1802 1074 1832; x_wconf 89' lang='lat' dir='ltr'>in</span> <span class='ocrx_word' id='word_1_212' title='bbox 1105 1800 1284 1832; x_wconf 80' lang='lat' dir='ltr'>comfields</span> <span class='ocrx_word' id='word_1_213' title='bbox 1313 1802 1347 1833; x_wconf 90' lang='lat' dir='ltr'>in</span> 
     </span>
     <span class='ocr_line' id='line_1_34' title="bbox 173 1855 332 1876; baseline -0.006 0"><span class='ocrx_word' id='word_1_214' title='bbox 173 1855 332 1876; x_wconf 82' lang='lat' dir='ltr'>summer.</span> 
     </span>
    </p>
   </div>
   <div class='ocr_carea' id='block_1_8' title="bbox 218 1887 616 2014">
    <p class='ocr_par' dir='ltr' id='par_1_10' title="bbox 218 1887 616 2014">
     <span class='ocr_line' id='line_1_35' title="bbox 219 1887 616 1928; baseline 0 -10"><span class='ocrx_word' id='word_1_215' title='bbox 219 1888 231 1907; x_wconf 63' lang='grc' dir='ltr'><strong><em>ὸ</em></strong></span> <span class='ocrx_word' id='word_1_216' title='bbox 256 1888 411 1928; x_wconf 85' lang='lat' dir='ltr'>Possibly</span> <span class='ocrx_word' id='word_1_217' title='bbox 435 1887 616 1928; x_wconf 78' lang='lat' dir='ltr'>“petals.‘’</span> 
     </span>
     <span class='ocr_line' id='line_1_36' title="bbox 221 1930 541 1971; baseline 0 -9"><span class='ocrx_word' id='word_1_218' title='bbox 221 1935 232 1950; x_wconf 78' lang='lat'><strong><em>⁶</em></strong></span> <span class='ocrx_word' id='word_1_219' title='bbox 255 1930 414 1962; x_wconf 82' lang='lat' dir='ltr'>Sea-blue</span> <span class='ocrx_word' id='word_1_220' title='bbox 431 1930 541 1971; x_wconf 82' lang='lat' dir='ltr'>plant.</span> 
     </span>
     <span class='ocr_line' id='line_1_37' title="bbox 218 1972 561 2014; baseline -0.003 -9"><span class='ocrx_word' id='word_1_221' title='bbox 218 1972 233 1992; x_wconf 73' lang='lat'>‘⁸</span> <span class='ocrx_word' id='word_1_222' title='bbox 256 1973 434 2005; x_wconf 81' lang='lat' dir='ltr'>Sea-shore</span> <span class='ocrx_word' id='word_1_223' title='bbox 452 1973 561 2014; x_wconf 77' lang='lat' dir='ltr'>plant.</span> 
     </span>
    </p>
   </div>
   <div class='ocr_carea' id='block_1_9' title="bbox 177 2035 243 2069">
    <p class='ocr_par' dir='ltr' id='par_1_11' title="bbox 177 2035 243 2069">
     <span class='ocr_line' id='line_1_38' title="bbox 177 2035 243 2069; baseline 0 0"><span class='ocrx_word' id='word_1_224' title='bbox 177 2035 243 2069; x_wconf 84' lang='lat'>118</span> 
     </span>
    </p>
   </div>
  </div>
 </body>
</html>
