1469 2299
117 206 177 236 178

118 692 178 723 179

120 1179 180 1210 180

120 1805 178 1837 181

407 96 602 134 PLINY:
647 97 908 134 NATURAL
942 97 1177 135 HISTORY

203 200 310 250 quod
355 202 480 237 onitin
519 205 673 236 vocant.
728 201 946 236 communis
992 205 1128 236 autem
1166 213 1258 237 usus
1303 213 1381 237 ser-

203 277 346 320 pentes
366 269 520 320 fugare,
540 271 733 319 percussis
755 271 836 305 esui
858 269 953 306 dare
974 269 1197 313 decoctum,
1218 283 1265 307 eo
1283 276 1382 320 potu

204 342 358 376 urinam
384 342 502 383 ciere,
531 341 670 388 ruptis,
701 337 894 375 convulsis
926 338 1076 375 mederi
1105 352 1195 375 cum
1223 342 1382 389 panacis

205 409 350 453 radice,
370 408 594 458 hydropicis
614 421 705 444 cum
724 408 796 444 fico
817 414 885 444 aut
906 421 995 444 cum
1015 407 1166 458 hysopo
1186 409 1383 446 acetabuli

206 480 398 514 mensuris
435 478 645 514 decoctum
682 478 732 514 ad
769 484 939 521 sextam,
976 481 1074 514 item
1111 477 1161 515 ad
1197 479 1383 523 scabiem,

205 551 462 598 pruriginem,
482 561 616 597 psoras
637 550 677 583 in
695 547 953 584 descensione
972 547 1231 585 balinearum.
1269 562 1384 585 sucus

206 619 364 654 auribus
415 616 636 654 infunditur
685 630 774 653 cum
825 616 928 654 lacte
978 617 1163 654 mulieris.
1218 618 1384 655 tonsillis

206 700 364 736 quoque
393 693 434 723 et
462 689 545 723 uvis
574 686 773 730 medetur,
801 689 940 736 capitis
968 686 1177 724 ulceribus.
1231 700 1386 725 venena

206 759 283 805 opii
315 762 355 793 et
383 758 496 806 gypsi
528 758 729 806 extinguit
758 756 981 800 decoctum,
1010 759 1040 793 si
1069 769 1159 793 cum
1186 759 1318 794 cinere
1346 759 1386 793 in

207 828 296 861 vino
347 826 519 862 bibatur.
575 825 707 862 alvum
758 825 885 862 mollit
937 826 1135 863 acetabuli
1186 839 1385 872 mensura,

207 895 427 945 suggillatis
456 895 647 939 inlinitur,
674 897 772 932 item
800 895 982 932 dentium
1009 895 1146 940 dolori,
1174 897 1316 946 quibus
1345 903 1386 934 et

207 965 418 1001 candorem
461 964 568 1008 facit,
609 978 699 1001 cum
740 964 858 1001 melle
899 971 940 1002 et
980 967 1096 1002 nitro.
1151 969 1386 1016 sanguinem

208 1037 360 1071 narium
399 1036 515 1070 sistit.
572 1034 622 1071 ad
659 1034 861 1084 parotidas
900 1034 1135 1084 decoquitur
1172 1049 1262 1072 cum
1299 1035 1387 1073 hor-

207 1104 344 1140 deacia
367 1103 506 1147 farina,
529 1104 579 1141 ad
601 1106 765 1141 arterias
787 1117 946 1154 asperas
968 1118 1058 1141 cum
1079 1104 1184 1155 galla
1206 1111 1247 1142 et
1268 1106 1386 1143 melle

207 1177 364 1218 teritur,
383 1174 433 1210 ad
452 1173 597 1210 lienem
616 1173 709 1211 folia
726 1187 816 1211 cum
834 1174 952 1211 melle
972 1180 1013 1212 et
1031 1174 1124 1212 sale.
1179 1178 1386 1212 crassiores

207 1246 372 1293 pituitas
395 1250 435 1280 et
456 1246 586 1294 nigras
608 1250 801 1281 extenuat
822 1251 979 1282 coctum
999 1258 1089 1281 cum
1109 1251 1224 1282 aceto
1244 1251 1285 1282 et
1305 1246 1386 1283 sale

208 1320 412 1362 sumptum
443 1313 648 1363 paulatim.
703 1317 813 1364 regio
842 1315 980 1351 morbo
1009 1317 1150 1351 tritum
1179 1328 1269 1352 cum
1300 1315 1387 1352 oleo

208 1385 247 1419 in
279 1396 392 1420 nares
424 1382 657 1420 infunditur.
712 1383 802 1420 lassi
833 1391 1139 1434 perunguuntur
1171 1397 1219 1421 ex
1253 1398 1299 1422 eo
1329 1389 1387 1422 ita

208 1459 253 1490 ut
301 1466 351 1489 ne
399 1458 540 1489 venter
587 1455 822 1504 attingatur.
879 1454 1126 1505 epinyctidas
1168 1468 1257 1491 cum
1299 1457 1386 1504 pice

209 1528 338 1567 sanat,
359 1522 585 1560 furunculos
607 1526 736 1572 aperit
757 1537 847 1560 cum
870 1523 942 1560 fico
962 1530 1082 1568 tosta,
1105 1530 1274 1561 strumas
1296 1538 1386 1561 cum

208 1591 296 1629 oleo
316 1598 357 1629 et
378 1598 493 1629 aceto
515 1598 556 1629 et
575 1591 703 1629 farina
722 1592 947 1637 hordeacia,
966 1593 1101 1630 lateris
1122 1593 1275 1630 dolores
1296 1607 1386 1631 cum

208 1661 281 1698 fico
299 1661 470 1706 inlitum,
488 1661 695 1699 fluctiones
714 1665 915 1713 sanguinis
935 1665 975 1699 in
992 1663 1232 1713 genitalibus
1251 1669 1386 1700 tusum

209 1744 257 1768 ex
278 1737 393 1768 aceto
412 1731 583 1776 inlitum,
603 1731 788 1781 reliquias
808 1735 1090 1782 purgationum
1111 1746 1134 1769 a
1152 1739 1282 1783 partu.

260 1801 382 1838 LXX.
413 1801 625 1851 Lepidjum
648 1804 752 1838 inter
774 1805 931 1839 urentia
953 1802 1212 1853 intellegitur.
1266 1805 1320 1840 sic
1345 1809 1385 1840 et
1406 1794 1411 1798 ’

208 1873 248 1907 in
270 1870 371 1907 facie
394 1876 529 1908 cutem
553 1871 742 1908 emendat
766 1871 1045 1916 exulcerando,
1068 1878 1113 1909 ut
1136 1878 1273 1909 tamen
1295 1886 1386 1910 cera

209 1946 251 1977 et
283 1953 442 1977 rosaceo
475 1940 591 1978 facile
623 1947 798 1978 sanetur.
853 1943 907 1977 sic
941 1947 982 1977 et
1014 1941 1143 1991 lepras
1177 1948 1219 1979 et
1250 1955 1385 1992 psoras

213 2024 282 2057 104
