<?xml version="1.0" encoding="UTF-8"?>
<!DOCTYPE html PUBLIC "-//W3C//DTD XHTML 1.0 Transitional//EN"
    "http://www.w3.org/TR/xhtml1/DTD/xhtml1-transitional.dtd">
<html xmlns="http://www.w3.org/1999/xhtml" xml:lang="en" lang="en">
 <head>
  <title>
</title>
<meta http-equiv="Content-Type" content="text/html;charset=utf-8" />
  <meta name='ocr-system' content='tesseract 3.04.00' />
  <meta name='ocr-capabilities' content='ocr_page ocr_carea ocr_par ocr_line ocrx_word'/>
</head>
<body>
  <div class='ocr_page' id='page_1' title='image "./naturalhistory06plinuoft_0548.png"; bbox 0 0 1469 2299; ppageno 0'>
   <div class='ocr_carea' id='block_1_1' title="bbox 422 135 1195 173">
    <p class='ocr_par' dir='ltr' id='par_1_1' title="bbox 422 135 1195 173">
     <span class='ocr_line' id='line_1_1' title="bbox 422 135 1195 173; baseline -0.003 0"><span class='ocrx_word' id='word_1_1' title='bbox 422 136 617 173; x_wconf 88' lang='lat' dir='ltr'>PLINY:</span> <span class='ocrx_word' id='word_1_2' title='bbox 663 135 925 173; x_wconf 91' lang='lat' dir='ltr'><strong>NATURAL</strong></span> <span class='ocrx_word' id='word_1_3' title='bbox 958 135 1195 172; x_wconf 89' lang='lat' dir='ltr'>HISTORY</span> 
     </span>
    </p>
   </div>
   <div class='ocr_carea' id='block_1_2' title="bbox 136 239 1399 1581">
    <p class='ocr_par' dir='ltr' id='par_1_2' title="bbox 136 239 1399 1581">
     <span class='ocr_line' id='line_1_2' title="bbox 225 239 1395 288; baseline -0.002 -13"><span class='ocrx_word' id='word_1_4' title='bbox 225 239 339 275; x_wconf 90' lang='lat' dir='ltr'>inlita</span> <span class='ocrx_word' id='word_1_5' title='bbox 362 252 455 275; x_wconf 92' lang='lat' dir='ltr'>vero</span> <span class='ocrx_word' id='word_1_6' title='bbox 479 251 691 288; x_wconf 82' lang='lat' dir='ltr'><strong>vesparum</strong></span> <span class='ocrx_word' id='word_1_7' title='bbox 714 239 1033 287; x_wconf 82' lang='lat' dir='ltr'>crabronumque</span> <span class='ocrx_word' id='word_1_8' title='bbox 1058 243 1100 274; x_wconf 90' lang='lat' dir='ltr'>et</span> <span class='ocrx_word' id='word_1_9' title='bbox 1124 240 1273 286; x_wconf 81' lang='lat' dir='ltr'>apium,</span> <span class='ocrx_word' id='word_1_10' title='bbox 1296 239 1395 273; x_wconf 88' lang='lat' dir='ltr'>item</span> 
     </span>
     <span class='ocr_line' id='line_1_3' title="bbox 226 296 1395 347; baseline -0.003 -13"><span class='ocrx_word' id='word_1_11' title='bbox 226 300 474 347; x_wconf 78' lang='lat' dir='ltr'>serpentium</span> <span class='ocrx_word' id='word_1_12' title='bbox 506 300 671 334; x_wconf 83' lang='lat' dir='ltr'>venenis</span> <span class='ocrx_word' id='word_1_13' title='bbox 703 300 910 340; x_wconf 89' lang='lat' dir='ltr'>resistunt,</span> <span class='ocrx_word' id='word_1_14' title='bbox 942 299 1116 332; x_wconf 85' lang='lat' dir='ltr'>maxime</span> <span class='ocrx_word' id='word_1_15' title='bbox 1148 309 1278 345; x_wconf 90' lang='lat' dir='ltr'>sepos,</span> <span class='ocrx_word' id='word_1_16' title='bbox 1310 296 1395 345; x_wconf 92' lang='lat' dir='ltr'>dip-</span> 
     </span>
     <span class='ocr_line' id='line_1_4' title="bbox 225 354 1395 406; baseline -0.003 -13"><span class='ocrx_word' id='word_1_17' title='bbox 225 357 330 393; x_wconf 82' lang='lat' dir='ltr'>sadis</span> <span class='ocrx_word' id='word_1_18' title='bbox 357 362 399 393; x_wconf 84' lang='lat' dir='ltr'>et</span> <span class='ocrx_word' id='word_1_19' title='bbox 424 359 598 406; x_wconf 88' lang='lat' dir='ltr'>viperae.</span> <span class='ocrx_word' id='word_1_20' title='bbox 654 361 822 405; x_wconf 78' lang='lat' dir='ltr'>prosunt</span> <span class='ocrx_word' id='word_1_21' title='bbox 852 361 894 391; x_wconf 87' lang='lat' dir='ltr'>et</span> <span class='ocrx_word' id='word_1_22' title='bbox 923 356 1126 391; x_wconf 89' lang='lat' dir='ltr'>mensibus</span> <span class='ocrx_word' id='word_1_23' title='bbox 1156 354 1395 391; x_wconf 87' lang='lat' dir='ltr'>feminarum</span> 
     </span>
     <span class='ocr_line' id='line_1_5' title="bbox 225 415 1396 464; baseline -0.003 -12"><span class='ocrx_word' id='word_1_24' title='bbox 225 429 314 451; x_wconf 89' lang='lat' dir='ltr'>cum</span> <span class='ocrx_word' id='word_1_25' title='bbox 333 415 421 452; x_wconf 90' lang='lat' dir='ltr'>oleo</span> <span class='ocrx_word' id='word_1_26' title='bbox 438 421 565 459; x_wconf 88' lang='lat' dir='ltr'>cocta,</span> <span class='ocrx_word' id='word_1_27' title='bbox 579 428 669 451; x_wconf 88' lang='lat' dir='ltr'>curn</span> <span class='ocrx_word' id='word_1_28' title='bbox 687 415 851 464; x_wconf 90' lang='lat' dir='ltr'>polenta</span> <span class='ocrx_word' id='word_1_29' title='bbox 869 419 1006 450; x_wconf 87' lang='lat' dir='ltr'>autem</span> <span class='ocrx_word' id='word_1_30' title='bbox 1024 426 1127 462; x_wconf 91' lang='lat' dir='ltr'>quae</span> <span class='ocrx_word' id='word_1_31' title='bbox 1145 419 1286 450; x_wconf 90' lang='lat' dir='ltr'>tenera</span> <span class='ocrx_word' id='word_1_32' title='bbox 1303 419 1396 449; x_wconf 85' lang='lat' dir='ltr'>sunt</span> 
     </span>
     <span class='ocr_line' id='line_1_6' title="bbox 225 473 1395 516; baseline -0.002 -6"><span class='ocrx_word' id='word_1_33' title='bbox 225 477 322 511; x_wconf 80' lang='lat' dir='ltr'>trita</span> <span class='ocrx_word' id='word_1_34' title='bbox 340 474 390 511; x_wconf 86' lang='lat' dir='ltr'>ad</span> <span class='ocrx_word' id='word_1_35' title='bbox 408 474 744 510; x_wconf 86' lang='lat' dir='ltr'>inflammationes</span> <span class='ocrx_word' id='word_1_36' title='bbox 763 473 981 516; x_wconf 86' lang='lat' dir='ltr'>oculorum,</span> <span class='ocrx_word' id='word_1_37' title='bbox 999 486 1088 509; x_wconf 86' lang='lat' dir='ltr'>cum</span> <span class='ocrx_word' id='word_1_38' title='bbox 1107 478 1198 508; x_wconf 89' lang='lat' dir='ltr'>ruta</span> <span class='ocrx_word' id='word_1_39' title='bbox 1216 474 1395 515; x_wconf 83' lang='lat' dir='ltr'>testium,</span> 
     </span>
     <span class='ocr_line' id='line_1_7' title="bbox 225 532 1397 586; baseline -0.003 -17"><span class='ocrx_word' id='word_1_40' title='bbox 225 547 315 569; x_wconf 89' lang='lat' dir='ltr'>cum</span> <span class='ocrx_word' id='word_1_41' title='bbox 336 546 497 586; x_wconf 84' lang='lat' dir='ltr'>rosaceo</span> <span class='ocrx_word' id='word_1_42' title='bbox 518 535 659 582; x_wconf 87' lang='lat' dir='ltr'>capitis</span> <span class='ocrx_word' id='word_1_43' title='bbox 680 532 850 576; x_wconf 85' lang='lat' dir='ltr'>dolores,</span> <span class='ocrx_word' id='word_1_44' title='bbox 871 537 941 568; x_wconf 92' lang='lat' dir='ltr'>aut</span> <span class='ocrx_word' id='word_1_45' title='bbox 961 545 1050 568; x_wconf 89' lang='lat' dir='ltr'>cum</span> <span class='ocrx_word' id='word_1_46' title='bbox 1071 534 1183 567; x_wconf 88' lang='lat' dir='ltr'>irino.</span> <span class='ocrx_word' id='word_1_47' title='bbox 1239 533 1334 580; x_wconf 91' lang='lat' dir='ltr'>quin</span> <span class='ocrx_word' id='word_1_48' title='bbox 1355 536 1397 567; x_wconf 84' lang='lat' dir='ltr'>et</span> 
     </span>
     <span class='ocr_line' id='line_1_8' title="bbox 225 590 1397 640; baseline -0.003 -12"><span class='ocrx_word' id='word_1_49' title='bbox 225 592 559 629; x_wconf 87' lang='lat' dir='ltr'>commanducata</span> <span class='ocrx_word' id='word_1_50' title='bbox 592 597 715 640; x_wconf 85' lang='lat' dir='ltr'>atque</span> <span class='ocrx_word' id='word_1_51' title='bbox 747 591 939 628; x_wconf 84' lang='lat' dir='ltr'>devorata</span> <span class='ocrx_word' id='word_1_52' title='bbox 971 603 1041 639; x_wconf 91' lang='lat' dir='ltr'>per</span> <span class='ocrx_word' id='word_1_53' title='bbox 1073 590 1250 626; x_wconf 87' lang='lat' dir='ltr'>triduum</span> <span class='ocrx_word' id='word_1_54' title='bbox 1282 595 1397 626; x_wconf 86' lang='lat' dir='ltr'>terna</span> 
     </span>
     <span class='ocr_line' id='line_1_9' title="bbox 226 648 1394 698; baseline -0.003 -11"><span class='ocrx_word' id='word_1_55' title='bbox 226 651 399 687; x_wconf 87' lang='lat' dir='ltr'>liberant</span> <span class='ocrx_word' id='word_1_56' title='bbox 439 653 553 694; x_wconf 89' lang='lat' dir='ltr'>tussi,</span> <span class='ocrx_word' id='word_1_57' title='bbox 595 650 738 687; x_wconf 88' lang='lat' dir='ltr'>eadem</span> <span class='ocrx_word' id='word_1_58' title='bbox 778 652 954 698; x_wconf 82' lang='lat' dir='ltr'>suspiriis</span> <span class='ocrx_word' id='word_1_59' title='bbox 995 652 1093 685; x_wconf 89' lang='lat' dir='ltr'>trita</span> <span class='ocrx_word' id='word_1_60' title='bbox 1133 662 1223 685; x_wconf 89' lang='lat' dir='ltr'>cum</span> <span class='ocrx_word' id='word_1_61' title='bbox 1264 648 1394 685; x_wconf 89' lang='lat' dir='ltr'>melle.</span> 
     </span>
     <span class='ocr_line' id='line_1_10' title="bbox 136 707 1395 758; baseline -0.002 -13"><span class='ocrx_word' id='word_1_62' title='bbox 136 715 194 746; x_wconf 84' lang='lat'>163</span> <span class='ocrx_word' id='word_1_63' title='bbox 223 716 360 746; x_wconf 78' lang='lat' dir='ltr'>cortex</span> <span class='ocrx_word' id='word_1_64' title='bbox 378 710 520 746; x_wconf 85' lang='lat' dir='ltr'>radicis</span> <span class='ocrx_word' id='word_1_65' title='bbox 536 709 738 746; x_wconf 85' lang='lat' dir='ltr'>cavendus</span> <span class='ocrx_word' id='word_1_66' title='bbox 753 708 940 758; x_wconf 82' lang='lat' dir='ltr'>gravidis.</span> <span class='ocrx_word' id='word_1_67' title='bbox 996 711 1080 757; x_wconf 90' lang='lat' dir='ltr'>ipsa</span> <span class='ocrx_word' id='word_1_68' title='bbox 1096 707 1208 744; x_wconf 85' lang='lat' dir='ltr'>radix</span> <span class='ocrx_word' id='word_1_69' title='bbox 1226 707 1395 744; x_wconf 87' lang='lat' dir='ltr'>calculos</span> 
     </span>
     <span class='ocr_line' id='line_1_11' title="bbox 226 766 1397 818; baseline -0.003 -13"><span class='ocrx_word' id='word_1_70' title='bbox 226 771 389 818; x_wconf 81' lang='lat' dir='ltr'>rumpit,</span> <span class='ocrx_word' id='word_1_71' title='bbox 406 771 567 805; x_wconf 86' lang='lat' dir='ltr'>iocineri</span> <span class='ocrx_word' id='word_1_72' title='bbox 588 768 753 817; x_wconf 86' lang='lat' dir='ltr'>prodest</span> <span class='ocrx_word' id='word_1_73' title='bbox 772 768 899 804; x_wconf 86' lang='lat' dir='ltr'>tribus</span> <span class='ocrx_word' id='word_1_74' title='bbox 919 767 1043 804; x_wconf 88' lang='lat' dir='ltr'>obolis</span> <span class='ocrx_word' id='word_1_75' title='bbox 1062 770 1102 802; x_wconf 90' lang='lat' dir='ltr'>in</span> <span class='ocrx_word' id='word_1_76' title='bbox 1122 769 1212 803; x_wconf 93' lang='lat' dir='ltr'>vino</span> <span class='ocrx_word' id='word_1_77' title='bbox 1231 766 1397 803; x_wconf 84' lang='lat' dir='ltr'>odorato</span> 
     </span>
     <span class='ocr_line' id='line_1_12' title="bbox 225 825 1395 877; baseline -0.003 -13"><span class='ocrx_word' id='word_1_78' title='bbox 225 827 354 877; x_wconf 88' lang='lat' dir='ltr'>potu.l</span> <span class='ocrx_word' id='word_1_79' title='bbox 421 827 515 864; x_wconf 89' lang='lat' dir='ltr'>folia</span> <span class='ocrx_word' id='word_1_80' title='bbox 577 833 674 876; x_wconf 90' lang='lat' dir='ltr'>potu</span> <span class='ocrx_word' id='word_1_81' title='bbox 729 829 966 863; x_wconf 75' lang='lat' dir='ltr'>vomitiones</span> <span class='ocrx_word' id='word_1_82' title='bbox 1028 831 1205 862; x_wconf 87' lang='lat' dir='ltr'>movent.</span> <span class='ocrx_word' id='word_1_83' title='bbox 1271 825 1395 862; x_wconf 89' lang='lat' dir='ltr'>bacae</span> 
     </span>
     <span class='ocr_line' id='line_1_13' title="bbox 224 885 1395 935; baseline -0.002 -13"><span class='ocrx_word' id='word_1_84' title='bbox 224 900 382 923; x_wconf 82' lang='lat' dir='ltr'>menses</span> <span class='ocrx_word' id='word_1_85' title='bbox 407 886 575 923; x_wconf 85' lang='lat' dir='ltr'>trahunt</span> <span class='ocrx_word' id='word_1_86' title='bbox 599 886 808 935; x_wconf 83' lang='lat' dir='ltr'>adpositae</span> <span class='ocrx_word' id='word_1_87' title='bbox 833 888 954 922; x_wconf 88' lang='lat' dir='ltr'>tritae</span> <span class='ocrx_word' id='word_1_88' title='bbox 979 885 1040 921; x_wconf 93' lang='lat' dir='ltr'>vel</span> <span class='ocrx_word' id='word_1_89' title='bbox 1066 890 1200 934; x_wconf 84' lang='lat' dir='ltr'>potae.</span> <span class='ocrx_word' id='word_1_90' title='bbox 1255 886 1395 920; x_wconf 84' lang='lat' dir='ltr'>tussim</span> 
     </span>
     <span class='ocr_line' id='line_1_14' title="bbox 230 942 1397 993; baseline -0.002 -12"><span class='ocrx_word' id='word_1_91' title='bbox 230 951 410 981; x_wconf 83' lang='lat' dir='ltr'>veterem</span> <span class='ocrx_word' id='word_1_92' title='bbox 457 951 498 982; x_wconf 89' lang='lat' dir='ltr'>et</span> <span class='ocrx_word' id='word_1_93' title='bbox 542 944 819 993; x_wconf 82' lang='lat' dir='ltr'>orthopnoean</span> <span class='ocrx_word' id='word_1_94' title='bbox 863 949 1008 980; x_wconf 85' lang='lat' dir='ltr'>sanant</span> <span class='ocrx_word' id='word_1_95' title='bbox 1051 944 1169 979; x_wconf 87' lang='lat' dir='ltr'>binae</span> <span class='ocrx_word' id='word_1_96' title='bbox 1213 942 1397 979; x_wconf 84' lang='lat' dir='ltr'>detracto</span> 
     </span>
     <span class='ocr_line' id='line_1_15' title="bbox 225 1002 1397 1053; baseline -0.003 -13"><span class='ocrx_word' id='word_1_97' title='bbox 225 1007 371 1040; x_wconf 84' lang='lat' dir='ltr'>cortice</span> <span class='ocrx_word' id='word_1_98' title='bbox 399 1007 439 1040; x_wconf 90' lang='lat' dir='ltr'>in</span> <span class='ocrx_word' id='word_1_99' title='bbox 467 1007 557 1040; x_wconf 84' lang='lat' dir='ltr'>vino</span> <span class='ocrx_word' id='word_1_100' title='bbox 586 1009 721 1053; x_wconf 87' lang='lat' dir='ltr'>potae,</span> <span class='ocrx_word' id='word_1_101' title='bbox 748 1006 778 1040; x_wconf 91' lang='lat' dir='ltr'>si</span> <span class='ocrx_word' id='word_1_102' title='bbox 809 1009 850 1039; x_wconf 90' lang='lat' dir='ltr'>et</span> <span class='ocrx_word' id='word_1_103' title='bbox 878 1002 999 1039; x_wconf 87' lang='lat' dir='ltr'>febris</span> <span class='ocrx_word' id='word_1_104' title='bbox 1027 1005 1092 1045; x_wconf 88' lang='lat' dir='ltr'>sit,</span> <span class='ocrx_word' id='word_1_105' title='bbox 1119 1015 1167 1038; x_wconf 83' lang='lat' dir='ltr'>ex</span> <span class='ocrx_word' id='word_1_106' title='bbox 1196 1015 1301 1051; x_wconf 90' lang='lat' dir='ltr'>aqua</span> <span class='ocrx_word' id='word_1_107' title='bbox 1327 1007 1397 1038; x_wconf 89' lang='lat' dir='ltr'>aut</span> 
     </span>
     <span class='ocr_line' id='line_1_16' title="bbox 226 1061 1395 1112; baseline -0.002 -13"><span class='ocrx_word' id='word_1_108' title='bbox 226 1063 439 1112; x_wconf 81' lang='lat' dir='ltr'>ecligmate</span> <span class='ocrx_word' id='word_1_109' title='bbox 491 1076 541 1099; x_wconf 83' lang='lat' dir='ltr'>ex</span> <span class='ocrx_word' id='word_1_110' title='bbox 589 1076 705 1112; x_wconf 86' lang='lat' dir='ltr'>passo</span> <span class='ocrx_word' id='word_1_111' title='bbox 752 1067 822 1098; x_wconf 91' lang='lat' dir='ltr'>aut</span> <span class='ocrx_word' id='word_1_112' title='bbox 869 1075 973 1111; x_wconf 88' lang='lat' dir='ltr'>aqua</span> <span class='ocrx_word' id='word_1_113' title='bbox 1018 1061 1146 1097; x_wconf 86' lang='lat' dir='ltr'>mulsa</span> <span class='ocrx_word' id='word_1_114' title='bbox 1192 1061 1395 1097; x_wconf 85' lang='lat' dir='ltr'>decoctae.</span> 
     </span>
     <span class='ocr_line' id='line_1_17' title="bbox 137 1119 1397 1171; baseline -0.001 -15"><span class='ocrx_word' id='word_1_115' title='bbox 137 1127 196 1158; x_wconf 82' lang='lat'>154</span> <span class='ocrx_word' id='word_1_116' title='bbox 226 1128 393 1171; x_wconf 87' lang='lat' dir='ltr'>prosunt</span> <span class='ocrx_word' id='word_1_117' title='bbox 439 1127 482 1158; x_wconf 87' lang='lat' dir='ltr'>et</span> <span class='ocrx_word' id='word_1_118' title='bbox 525 1121 733 1171; x_wconf 83' lang='lat' dir='ltr'>phthisicis</span> <span class='ocrx_word' id='word_1_119' title='bbox 778 1120 920 1157; x_wconf 91' lang='lat' dir='ltr'>eodem</span> <span class='ocrx_word' id='word_1_120' title='bbox 965 1119 1084 1157; x_wconf 91' lang='lat' dir='ltr'>modo</span> <span class='ocrx_word' id='word_1_121' title='bbox 1129 1125 1171 1156; x_wconf 89' lang='lat' dir='ltr'>et</span> <span class='ocrx_word' id='word_1_122' title='bbox 1214 1120 1397 1156; x_wconf 89' lang='lat' dir='ltr'>omnibus</span> 
     </span>
     <span class='ocr_line' id='line_1_18' title="bbox 226 1179 1397 1227; baseline -0.003 -10"><span class='ocrx_word' id='word_1_123' title='bbox 226 1180 398 1217; x_wconf 81' lang='lat' dir='ltr'>thoracis</span> <span class='ocrx_word' id='word_1_124' title='bbox 473 1179 783 1217; x_wconf 86' lang='lat' dir='ltr'>rheumatismis.</span> <span class='ocrx_word' id='word_1_125' title='bbox 865 1193 958 1216; x_wconf 87' lang='lat' dir='ltr'>nam</span> <span class='ocrx_word' id='word_1_126' title='bbox 1033 1184 1075 1215; x_wconf 92' lang='lat' dir='ltr'>et</span> <span class='ocrx_word' id='word_1_127' title='bbox 1144 1183 1397 1227; x_wconf 88' lang='lat' dir='ltr'>concoquunt</span> 
     </span>
     <span class='ocr_line' id='line_1_19' title="bbox 225 1238 1396 1289; baseline -0.003 -13"><span class='ocrx_word' id='word_1_128' title='bbox 225 1242 414 1289; x_wconf 84' lang='lat' dir='ltr'>pituitam</span> <span class='ocrx_word' id='word_1_129' title='bbox 484 1245 526 1276; x_wconf 91' lang='lat' dir='ltr'>et</span> <span class='ocrx_word' id='word_1_130' title='bbox 594 1238 827 1275; x_wconf 87' lang='lat' dir='ltr'>extrahunt.</span> <span class='ocrx_word' id='word_1_131' title='bbox 910 1238 1098 1274; x_wconf 91' lang='lat' dir='ltr'>adversus</span> <span class='ocrx_word' id='word_1_132' title='bbox 1171 1240 1396 1286; x_wconf 84' lang='lat' dir='ltr'>scorpiones</span> 
     </span>
     <span class='ocr_line' id='line_1_20' title="bbox 225 1296 1398 1348; baseline -0.003 -13"><span class='ocrx_word' id='word_1_133' title='bbox 225 1304 447 1348; x_wconf 87' lang='lat' dir='ltr'>quaternae</span> <span class='ocrx_word' id='word_1_134' title='bbox 484 1311 533 1335; x_wconf 87' lang='lat' dir='ltr'>ex</span> <span class='ocrx_word' id='word_1_135' title='bbox 570 1301 660 1334; x_wconf 86' lang='lat' dir='ltr'>vino</span> <span class='ocrx_word' id='word_1_136' title='bbox 695 1298 902 1341; x_wconf 88' lang='lat' dir='ltr'>bibuntur,</span> <span class='ocrx_word' id='word_1_137' title='bbox 939 1296 1190 1347; x_wconf 83' lang='lat' dir='ltr'>epinyctidas</span> <span class='ocrx_word' id='word_1_138' title='bbox 1225 1309 1274 1333; x_wconf 85' lang='lat' dir='ltr'>ex</span> <span class='ocrx_word' id='word_1_139' title='bbox 1310 1296 1398 1333; x_wconf 91' lang='lat' dir='ltr'>oleo</span> 
     </span>
     <span class='ocr_line' id='line_1_21' title="bbox 225 1355 1398 1407; baseline -0.002 -14"><span class='ocrx_word' id='word_1_140' title='bbox 225 1358 363 1393; x_wconf 90' lang='lat' dir='ltr'>inlitae</span> <span class='ocrx_word' id='word_1_141' title='bbox 396 1363 438 1394; x_wconf 90' lang='lat' dir='ltr'>et</span> <span class='ocrx_word' id='word_1_142' title='bbox 469 1357 684 1407; x_wconf 87' lang='lat' dir='ltr'>lentigines</span> <span class='ocrx_word' id='word_1_143' title='bbox 717 1362 760 1393; x_wconf 80' lang='lat' dir='ltr'>et</span> <span class='ocrx_word' id='word_1_144' title='bbox 791 1356 924 1393; x_wconf 89' lang='lat' dir='ltr'>ulcera</span> <span class='ocrx_word' id='word_1_145' title='bbox 955 1358 1161 1392; x_wconf 89' lang='lat' dir='ltr'>manantia</span> <span class='ocrx_word' id='word_1_146' title='bbox 1193 1361 1235 1392; x_wconf 88' lang='lat' dir='ltr'>et</span> <span class='ocrx_word' id='word_1_147' title='bbox 1266 1355 1398 1391; x_wconf 88' lang='lat' dir='ltr'>ulcera</span> 
     </span>
     <span class='ocr_line' id='line_1_22' title="bbox 224 1414 1398 1465; baseline -0.002 -13"><span class='ocrx_word' id='word_1_148' title='bbox 224 1419 301 1452; x_wconf 91' lang='lat' dir='ltr'>oris</span> <span class='ocrx_word' id='word_1_149' title='bbox 339 1422 380 1452; x_wconf 93' lang='lat' dir='ltr'>et</span> <span class='ocrx_word' id='word_1_150' title='bbox 418 1415 604 1459; x_wconf 87' lang='lat' dir='ltr'>furfures,</span> <span class='ocrx_word' id='word_1_151' title='bbox 641 1418 743 1452; x_wconf 88' lang='lat' dir='ltr'>cutis</span> <span class='ocrx_word' id='word_1_152' title='bbox 779 1417 1022 1465; x_wconf 86' lang='lat' dir='ltr'>porriginem</span> <span class='ocrx_word' id='word_1_153' title='bbox 1059 1427 1175 1451; x_wconf 90' lang='lat' dir='ltr'>sucus</span> <span class='ocrx_word' id='word_1_154' title='bbox 1210 1414 1398 1450; x_wconf 87' lang='lat' dir='ltr'>bacarum</span> 
     </span>
     <span class='ocr_line' id='line_1_23' title="bbox 227 1473 1396 1524; baseline -0.001 -14"><span class='ocrx_word' id='word_1_155' title='bbox 227 1475 419 1512; x_wconf 86' lang='lat' dir='ltr'>emendat</span> <span class='ocrx_word' id='word_1_156' title='bbox 435 1480 477 1512; x_wconf 89' lang='lat' dir='ltr'>et</span> <span class='ocrx_word' id='word_1_157' title='bbox 491 1474 756 1524; x_wconf 87' lang='lat' dir='ltr'>phthiriasim.</span> <span class='ocrx_word' id='word_1_158' title='bbox 813 1476 966 1510; x_wconf 90' lang='lat' dir='ltr'>aurium</span> <span class='ocrx_word' id='word_1_159' title='bbox 983 1473 1107 1510; x_wconf 91' lang='lat' dir='ltr'>dolori</span> <span class='ocrx_word' id='word_1_160' title='bbox 1123 1478 1193 1509; x_wconf 92' lang='lat' dir='ltr'>aut</span> <span class='ocrx_word' id='word_1_161' title='bbox 1207 1475 1396 1522; x_wconf 86' lang='lat' dir='ltr'>gravitati</span> 
     </span>
     <span class='ocr_line' id='line_1_24' title="bbox 225 1534 1399 1581; baseline -0.002 -11"><span class='ocrx_word' id='word_1_162' title='bbox 225 1534 442 1570; x_wconf 84' lang='lat' dir='ltr'>instillatur</span> <span class='ocrx_word' id='word_1_163' title='bbox 458 1547 548 1570; x_wconf 91' lang='lat' dir='ltr'>cum</span> <span class='ocrx_word' id='word_1_164' title='bbox 565 1535 656 1570; x_wconf 90' lang='lat' dir='ltr'>vino</span> <span class='ocrx_word' id='word_1_165' title='bbox 673 1538 811 1570; x_wconf 89' lang='lat' dir='ltr'>vetere</span> <span class='ocrx_word' id='word_1_166' title='bbox 831 1538 873 1569; x_wconf 86' lang='lat' dir='ltr'>et</span> <span class='ocrx_word' id='word_1_167' title='bbox 889 1545 1062 1569; x_wconf 86' lang='lat' dir='ltr'>rosaceo.</span> <span class='ocrx_word' id='word_1_168' title='bbox 1118 1537 1333 1581; x_wconf 85' lang='lat' dir='ltr'>perunctos</span> <span class='ocrx_word' id='word_1_169' title='bbox 1352 1544 1399 1568; x_wconf 93' lang='lat' dir='ltr'>eo</span> 
     </span>
    </p>
   </div>
   <div class='ocr_carea' id='block_1_3' title="bbox 397 1625 1232 1669">
    <p class='ocr_par' dir='ltr' id='par_1_3' title="bbox 397 1625 1232 1669">
     <span class='ocr_line' id='line_1_25' title="bbox 397 1625 1232 1669; baseline -0.002 -10"><span class='ocrx_word' id='word_1_170' title='bbox 397 1628 410 1647; x_wconf 80' lang='lat'>¹</span> <span class='ocrx_word' id='word_1_171' title='bbox 434 1632 519 1669; x_wconf 89' lang='lat' dir='ltr'>potu</span> <span class='ocrx_word' id='word_1_172' title='bbox 535 1628 624 1659; x_wconf 84' lang='lat' dir='ltr'>codd.</span> <span class='ocrx_word' id='word_1_173' title='bbox 643 1627 804 1669; x_wconf 71' lang='lat' dir='ltr'>Detlessen</span> <span class='ocrx_word' id='word_1_174' title='bbox 820 1639 827 1658; x_wconf 72' lang='grc' dir='ltr'>ε</span> <span class='ocrx_word' id='word_1_175' title='bbox 857 1631 940 1668; x_wconf 87' lang='lat' dir='ltr'>pota</span> <span class='ocrx_word' id='word_1_176' title='bbox 956 1626 1053 1667; x_wconf 69' lang='lat' dir='ltr'>vulq„</span> <span class='ocrx_word' id='word_1_177' title='bbox 1072 1625 1232 1667; x_wconf 79' lang='lat' dir='ltr'>Mayhoff.</span> 
     </span>
    </p>
   </div>
   <div class='ocr_carea' id='block_1_4' title="bbox 219 1750 1400 2051">
    <p class='ocr_par' dir='ltr' id='par_1_4' title="bbox 219 1750 1400 2008">
     <span class='ocr_line' id='line_1_26' title="bbox 264 1750 1400 1805; baseline -0.002 -22"><span class='ocrx_word' id='word_1_178' title='bbox 264 1756 278 1805; x_wconf 51' lang='grc' dir='ltr'>’ζ</span> <span class='ocrx_word' id='word_1_179' title='bbox 302 1751 331 1783; x_wconf 93' lang='grc' dir='ltr'><strong>Α</strong></span> <span class='ocrx_word' id='word_1_180' title='bbox 362 1756 499 1793; x_wconf 79' lang='lat' dir='ltr'>serpent</span> <span class='ocrx_word' id='word_1_181' title='bbox 529 1752 640 1784; x_wconf 83' lang='lat' dir='ltr'>whose</span> <span class='ocrx_word' id='word_1_182' title='bbox 670 1752 740 1783; x_wconf 83' lang='lat' dir='ltr'>bite</span> <span class='ocrx_word' id='word_1_183' title='bbox 768 1751 891 1783; x_wconf 82' lang='lat' dir='ltr'>caused</span> <span class='ocrx_word' id='word_1_184' title='bbox 923 1751 1163 1793; x_wconf 85' lang='lat' dir='ltr'>putrefaction,</span> <span class='ocrx_word' id='word_1_185' title='bbox 1195 1750 1305 1782; x_wconf 81' lang='lat' dir='ltr'>Greek</span> <span class='ocrx_word' id='word_1_186' title='bbox 1334 1750 1400 1792; x_wconf 88' lang='grc' dir='ltr'>σήψ</span> 
     </span>
     <span class='ocr_line' id='line_1_27' title="bbox 219 1798 1399 1879; baseline -0.002 -10"><span class='ocrx_word' id='word_1_187' title='bbox 219 1798 489 1879; x_wconf 50' lang='lat' dir='ltr'>(⁰2n3)&#39;serpent</span> <span class='ocrx_word' id='word_1_188' title='bbox 512 1848 624 1869; x_wconf 84' lang='lat' dir='ltr'>wnose</span> <span class='ocrx_word' id='word_1_189' title='bbox 649 1837 717 1869; x_wconf 88' lang='lat' dir='ltr'>bite</span> <span class='ocrx_word' id='word_1_190' title='bbox 742 1837 865 1869; x_wconf 85' lang='lat' dir='ltr'>caused</span> <span class='ocrx_word' id='word_1_191' title='bbox 896 1840 991 1878; x_wconf 86' lang='lat' dir='ltr'>great</span> <span class='ocrx_word' id='word_1_192' title='bbox 1014 1837 1116 1868; x_wconf 80' lang='lat' dir='ltr'>thirst</span> <span class='ocrx_word' id='word_1_193' title='bbox 1140 1836 1261 1877; x_wconf 86' lang='lat' dir='ltr'>(Greek</span> <span class='ocrx_word' id='word_1_194' title='bbox 1294 1835 1399 1876; x_wconf 85' lang='grc' dir='ltr'>διψάς,</span> 
     </span>
     <span class='ocr_line' id='line_1_28' title="bbox 221 1881 1399 1964; baseline -0.002 -9"><span class='ocrx_word' id='word_1_195' title='bbox 221 1881 433 1955; x_wconf 41' lang='grc' dir='ltr'><strong><em>ἠῖωνδίιηήῖὲ.</em></strong></span> <span class='ocrx_word' id='word_1_196' title='bbox 450 1925 621 1955; x_wconf 63' lang='lat' dir='ltr'>odorae-um</span> <span class='ocrx_word' id='word_1_197' title='bbox 643 1924 670 1954; x_wconf 83' lang='lat' dir='ltr'>is</span> <span class='ocrx_word' id='word_1_198' title='bbox 691 1923 750 1954; x_wconf 57' lang='lat' dir='ltr'>*he</span> <span class='ocrx_word' id='word_1_199' title='bbox 767 1923 796 1955; x_wconf 80' lang='grc' dir='ltr'>οἱ</span> <span class='ocrx_word' id='word_1_200' title='bbox 801 1937 852 1957; x_wconf 86' lang='grc' dir='ltr'>νος</span> <span class='ocrx_word' id='word_1_201' title='bbox 875 1923 997 1964; x_wconf 79' lang='grc' dir='ltr'>εὐώδης</span> <span class='ocrx_word' id='word_1_202' title='bbox 1014 1923 1053 1954; x_wconf 87' lang='lat' dir='ltr'>of</span> <span class='ocrx_word' id='word_1_203' title='bbox 1073 1922 1297 1960; x_wconf 78' lang='lat' dir='ltr'>Dioscorides,</span> <span class='ocrx_word' id='word_1_204' title='bbox 1314 1922 1399 1953; x_wconf 84' lang='lat' dir='ltr'>wine</span> 
     </span>
     <span class='ocr_line' id='line_1_29' title="bbox 224 1966 910 2008; baseline 0 -11"><span class='ocrx_word' id='word_1_205' title='bbox 224 1967 306 1999; x_wconf 88' lang='lat' dir='ltr'>with</span> <span class='ocrx_word' id='word_1_206' title='bbox 323 1978 343 1998; x_wconf 83' lang='lat' dir='ltr'>a</span> <span class='ocrx_word' id='word_1_207' title='bbox 359 1971 476 2008; x_wconf 78' lang='lat' dir='ltr'>strong</span> <span class='ocrx_word' id='word_1_208' title='bbox 492 1968 560 1998; x_wconf 79' lang='lat' dir='ltr'>and</span> <span class='ocrx_word' id='word_1_209' title='bbox 577 1966 732 2008; x_wconf 84' lang='lat' dir='ltr'>pleasant</span> <span class='ocrx_word' id='word_1_210' title='bbox 749 1966 910 2007; x_wconf 85' lang='lat' dir='ltr'>bouquet.</span> 
     </span>
    </p>

    <p class='ocr_par' dir='ltr' id='par_1_5' title="bbox 267 2007 1400 2051">
     <span class='ocr_line' id='line_1_30' title="bbox 267 2007 1400 2051; baseline -0.002 -10"><span class='ocrx_word' id='word_1_211' title='bbox 267 2009 282 2028; x_wconf 60' lang='grc' dir='ltr'><em>ἆ</em></span> <span class='ocrx_word' id='word_1_212' title='bbox 304 2011 444 2042; x_wconf 83' lang='lat' dir='ltr'>Coction</span> <span class='ocrx_word' id='word_1_213' title='bbox 469 2011 517 2050; x_wconf 88' lang='lat' dir='ltr'>(in</span> <span class='ocrx_word' id='word_1_214' title='bbox 542 2010 650 2042; x_wconf 82' lang='lat' dir='ltr'>Greek</span> <span class='ocrx_word' id='word_1_215' title='bbox 675 2010 781 2051; x_wconf 82' lang='grc' dir='ltr'>πέψις)</span> <span class='ocrx_word' id='word_1_216' title='bbox 807 2019 874 2040; x_wconf 83' lang='lat' dir='ltr'>was</span> <span class='ocrx_word' id='word_1_217' title='bbox 897 2009 957 2041; x_wconf 83' lang='lat' dir='ltr'>the</span> <span class='ocrx_word' id='word_1_218' title='bbox 989 2019 1089 2040; x_wconf 83' lang='lat' dir='ltr'>name</span> <span class='ocrx_word' id='word_1_219' title='bbox 1120 2008 1256 2050; x_wconf 87' lang='lat' dir='ltr'>applied</span> <span class='ocrx_word' id='word_1_220' title='bbox 1280 2011 1316 2039; x_wconf 83' lang='lat' dir='ltr'>to</span> <span class='ocrx_word' id='word_1_221' title='bbox 1341 2007 1400 2039; x_wconf 85' lang='lat' dir='ltr'>the</span> 
     </span>
    </p>
   </div>
   <div class='ocr_carea' id='block_1_5' title="bbox 227 2068 293 2113">
    <p class='ocr_par' dir='ltr' id='par_1_6' title="bbox 227 2068 293 2113">
     <span class='ocr_line' id='line_1_31' title="bbox 227 2068 293 2113; baseline 0.045 -14"><span class='ocrx_word' id='word_1_222' title='bbox 227 2068 293 2113; x_wconf 73' lang='lat'>518</span> 
     </span>
    </p>
   </div>
  </div>
 </body>
</html>
