1469 2299
82 202 121 231 77

352 93 546 130 PLINY:
592 92 852 130 NATURAL
886 91 1120 128 HISTORY

199 195 321 232 XLV.
361 195 481 231 Aliud
515 207 642 244 genus
677 197 715 230 in
751 193 891 230 eodem
928 192 1043 229 Ponti
1077 196 1168 236 situ,
1203 199 1324 242 gente

149 264 384 308 Sannorum,
426 264 553 300 mellis
595 263 703 313 quod
744 264 794 299 ab
844 265 995 299 insania
1037 276 1156 312 quam
1197 265 1325 312 gignit

151 347 442 370 maenomenon
472 339 628 370 vocant.
684 333 724 370 id
750 335 1002 369 existimatur
1027 331 1205 368 contrahi
1231 331 1325 368 flore

151 403 415 440 rhododendri
445 417 524 453 quo
561 408 718 439 scatent
747 402 880 439 silvae.
935 414 1115 452 gensque
1146 414 1207 445 ea,
1236 415 1325 437 cum

150 486 281 510 ceram
319 475 359 509 in
390 474 542 509 tributa
572 473 759 509 Romanis
791 477 984 521 praestet,
1016 471 1108 514 mel,
1139 473 1325 520 quoniam

153 543 313 579 exitiale
334 548 409 586 est,
429 556 508 579 non
528 542 677 578 vendit.
733 547 775 578 et
804 544 843 577 in
865 540 1025 577 Perside
1047 546 1088 577 et
1107 543 1147 577 in
1169 541 1327 577 Maure-

157 615 287 648 taniae
309 612 574 649 Caesariensis
595 611 782 648 Gaetulia
801 613 1047 647 contermina
1074 610 1328 661 Massaesylis

153 685 337 718 venenati
372 681 448 718 favi
489 684 724 731 gignuntur,
757 681 1001 730 quidamque
1034 694 1057 716 a
1089 686 1217 729 parte,
1251 693 1329 729 quo

153 752 246 787 nihil
281 765 367 788 esse
399 751 577 788 fallacius
617 756 764 801 potest,
796 753 868 786 nisi
901 750 1007 799 quod
1038 750 1157 786 livore
1190 750 1327 799 depre-

153 820 396 857 henduntur.
454 821 549 870 quid
580 822 651 857 sibi
678 820 846 856 voluisse
872 826 1056 856 naturam
1081 819 1140 855 his
1167 821 1329 855 arbitre-

152 905 239 927 mur
279 891 440 934 insidiis.
483 897 527 927 ut
569 892 618 926 ab
669 890 808 926 iisdem
850 891 990 939 apibus
1032 902 1104 925 nec
1146 891 1328 925 omnibus

153 963 263 996 annis
305 960 447 996 fierent
488 966 557 996 aut
609 974 686 996 non
727 963 822 996 totis
864 959 989 996 favis?
1044 973 1183 1008 parum
1225 961 1329 995 enim

154 1036 239 1067 erat
256 1033 441 1080 genuisse
464 1043 547 1066 rem
565 1033 604 1066 in
623 1043 701 1081 qua
719 1042 918 1066 venenum
937 1028 1121 1065 facillime
1139 1029 1330 1065 daretur?

154 1103 328 1136 etiamne
364 1099 437 1136 hoc
471 1102 556 1149 ipsa
596 1103 635 1135 in
670 1099 787 1135 melle
823 1104 885 1135 tot
920 1098 1155 1134 animalibus
1190 1098 1329 1135 dedit?

154 1169 249 1219 quid
273 1170 346 1206 sibi
371 1169 495 1206 voluit
519 1171 590 1205 nisi
623 1174 668 1205 ut
692 1171 910 1205 cautiorem
935 1171 1146 1217 minusque
1171 1168 1328 1204 avidum

154 1239 305 1275 faceret
342 1238 572 1275 hominem?
627 1252 704 1275 non
739 1240 844 1274 enim
878 1243 920 1274 et
952 1240 1045 1287 ipsis
1080 1238 1219 1287 apibus
1253 1240 1328 1274 iam

153 1309 335 1358 cuspides
385 1309 555 1345 dederat
596 1314 638 1345 et
679 1308 841 1358 quidem
882 1313 1114 1350 venenatas,
1156 1308 1331 1343 remedio

154 1379 343 1415 adversus
378 1378 448 1415 has
481 1381 619 1428 utique
651 1391 728 1414 non
760 1377 1006 1414 differendo?
1053 1390 1147 1426 erg-0
1178 1377 1331 1413 malvae

154 1462 246 1485 suco
283 1454 355 1485 aut
391 1448 575 1485 foliorum
611 1447 786 1484 hederae
824 1449 1020 1497 perungui
1058 1447 1232 1484 salutare
1271 1453 1331 1484 est

156 1518 216 1554 vel
246 1531 452 1568 percussos
479 1531 527 1554 ea
551 1518 702 1554 bibere.
758 1520 902 1554 mirum
928 1523 1065 1554 tamen
1091 1523 1152 1553 est
1179 1530 1331 1553 venena

155 1594 362 1637 portantes
382 1601 449 1624 ore
480 1588 759 1638 fingentesque
780 1590 883 1636 ipsas
905 1600 981 1623 non
1002 1589 1114 1629 mori,
1134 1589 1206 1622 nisi
1227 1587 1330 1636 quod

156 1658 221 1694 illa
240 1658 400 1694 domina
419 1670 553 1694 rerum
572 1660 748 1694 omnium
768 1656 869 1693 hanc
889 1657 1001 1693 dedit
1026 1659 1330 1706 repugnantiam

156 1729 296 1777 apibus
338 1731 441 1765 sicut
482 1733 621 1764 contra
672 1733 880 1777 serpentes
923 1725 1062 1777 Psyllis
1109 1726 1332 1776 Marsisque

156 1800 261 1834 inter
286 1797 479 1834 homines.

482 1957 496 1972 ‘³
522 1954 540 1965 ‘⁴
557 1953 635 1983 Mad
654 1953 672 1963 ³³
693 1963 730 1982 or
751 1953 769 1965 ‘⁸
787 1953 940 1992 ruving.'⁷

162 2017 230 2053 216
