1469 2299
122 662 182 694 100

125 1037 183 1068 101

407 126 601 163 PLINY:
647 125 909 163 NATURAL
943 125 1178 163 HISTORY

210 229 366 272 cordiis,
393 227 614 271 stomacho,
640 230 816 270 iocineri,
843 227 1042 264 ulceribus
1070 240 1173 276 quae
1200 233 1380 277 serpunt,

210 285 382 319 cicatrici
403 283 684 331 repugnantia.
740 293 876 330 psoras
895 286 1031 317 cortex
1054 283 1138 317 eius
1157 286 1273 317 tener
1291 295 1380 317 cum

208 339 338 373 resina
356 341 396 372 et
413 348 503 372 cera
520 341 636 371 sanat
652 334 794 371 diebus
808 346 867 370 xx.
909 334 1147 383 decoquitur
1162 340 1203 370 et
1220 334 1269 370 ad
1284 340 1382 371 test-

209 393 291 426 ium
307 392 416 425 vitia.
457 388 644 437 capillum
661 388 862 437 denigrat,
876 388 1009 423 suffitu
1031 393 1169 436 partus
1191 387 1380 424 extrahit.

210 443 330 480 datur
347 442 546 479 bibendus
564 444 718 477 renium
738 443 842 477 vitiis
862 446 903 476 et
922 443 1076 477 vesicae
1096 446 1138 477 et
1157 441 1380 490 praecordi-

209 510 336 539 orum,
358 497 479 544 capiti
511 500 552 531 et
582 497 711 531 nervis
742 497 935 530 inimicus.
992 494 1133 530 vulvae
1164 507 1208 530 ac
1234 496 1382 531 ventris

210 549 419 587 fluctiones
436 551 541 585 sistit
559 547 770 584 decoctum
793 550 890 590 eius,
912 550 1010 583 item
1024 550 1120 584 cinis
1139 553 1180 584 et
1196 550 1382 591 tormina,

209 609 328 653 potus
348 605 389 639 in
409 605 500 638 vino
521 601 611 638 albo
632 604 671 637 in
695 601 902 637 vulvarum
924 603 1028 636 vitiis
1051 601 1354 637 efficacissimus.

258 656 362 693 LIV.
389 654 598 692 Proximae
609 654 622 676 ¹
636 657 852 690 varietates
864 667 1058 704 generum
1071 654 1359 691 medicinarum
1369 653 1385 676 2

213 722 317 759 quae
345 709 450 746 mala
477 708 642 745 habent.
699 721 747 744 ex
777 707 836 744 his
858 720 980 743 verna
1008 708 1151 743 acerba
1179 707 1385 744 stomacho

212 763 369 800 inutilia
401 767 508 805 sunt,
541 761 687 804 alvum,
718 763 890 798 vesicam
922 763 1213 811 circumagunt,
1244 774 1385 798 nervos

213 816 394 859 laedunt,
436 821 550 852 cocta
591 815 768 851 meliora.
824 820 995 851 cotonea
1034 820 1149 851 cocta
1189 817 1384 858 suaviora,

213 870 335 907 cruda
355 875 508 913 tamen,
528 868 743 905 dumtaxat
767 874 941 912 matura,
961 873 1129 916 prosunt
1149 870 1386 917 sanguinem

212 923 495 961 excreant-ibus
525 922 596 958 et3
637 922 904 972 dysintericis,
942 920 1160 965 cholericis,
1190 921 1384 958 coeliacis.

216 991 296 1014 non
345 976 453 1013 idem
503 981 671 1025 possunt
721 975 902 1018 decocta,
953 977 1141 1024 quoniam
1192 977 1387 1011 amittunt

217 1032 563 1080 constringentem
586 1028 694 1065 illam
715 1031 794 1064 vim
815 1031 898 1065 suci
919 1033 961 1064 et
982 1034 1120 1065 tamen
1140 1027 1387 1065 decocuntur

214 1087 254 1121 in
281 1097 386 1133 aqua
409 1083 573 1120 caelesti
597 1082 649 1119 ad
673 1081 817 1118 eadem
840 1094 944 1131 quae
967 1094 1087 1131 supra
1109 1084 1257 1131 scripta
1279 1088 1386 1125 sunt,

216 1137 265 1174 ad
289 1136 486 1174 stomachi
515 1141 654 1172 autern
682 1135 838 1172 dolores
866 1134 989 1172 cruda
1016 1135 1233 1171 decoctave
1262 1138 1386 1172 cerati

216 1191 335 1228 modo
365 1193 626 1240 inponuntur.
682 1191 926 1238 inponuntur
948 1194 989 1225 et
1016 1191 1167 1238 pectori
1196 1191 1234 1225 in
1265 1188 1386 1225 febris

214 1243 455 1281 ardoribus.4
496 1243 644 1293 lanugo
666 1255 804 1279 eorum
824 1242 1085 1279 carbunculos
1105 1247 1234 1279 sanat.
1274 1248 1387 1279 cocta

214 1301 253 1335 in
284 1301 374 1334 vino
407 1303 449 1334 et
481 1297 596 1333 inlita
627 1309 717 1333 cum
749 1309 841 1332 cera
870 1295 1056 1345 alopeciis
1084 1295 1271 1345 capillum
1297 1295 1386 1332 red-

267 1383 278 1402 1
303 1383 477 1424 proximae
495 1381 558 1418 dE,
577 1381 741 1422 Detlessen
758 1393 764 1412 :
796 1382 948 1421 proxime
967 1381 1005 1418 V,
1024 1380 1186 1420 Mayhoff.

236 1469 246 1477 v
261 1426 272 1444 ²
299 1425 543 1457 medicinarum
581 1434 667 1465 quae
702 1423 811 1465 Silliy,
845 1424 1007 1465 Detlessen
1024 1437 1029 1453 :
1076 1423 1388 1464 medicinarumque

219 1469 237 1500 x
249 1469 282 1530 (ξ’
298 1467 571 1551 gtl‘iygiffsizziq,
590 1508 766 1549 Jlssyhoff:
798 1519 859 1540 om.
879 1509 918 1546 E,
939 1509 1115 1550 Deilessen.

263 1556 275 1574 ⁴
301 1554 467 1586 Sententia
489 1555 699 1594 inponuntur
718 1557 752 1583 et
772 1554 901 1592 pectori
926 1577 933 1584 .
960 1576 967 1583 .
994 1577 1001 1584 .
1027 1552 1204 1583 ardoribus
1225 1558 1296 1593 post
1316 1554 1386 1584 suci

219 1598 254 1628 in
271 1598 358 1629 codd.
378 1596 498 1637 scripta
515 1601 570 1627 est.
618 1596 696 1627 Post
712 1596 837 1636 scripta
855 1600 935 1626 sunt
952 1595 1062 1635 posuit
1079 1595 1240 1636 Mayhoff.

250 1693 265 1707 ‘¹
287 1688 381 1720 With
401 1687 583 1728 Mayhoffs
601 1687 740 1727 reading
756 1698 762 1717 :
797 1687 817 1699 “
832 1686 925 1718 Next
943 1697 1038 1717 come
1056 1686 1115 1717 the
1135 1687 1269 1718 various
1287 1686 1387 1718 kinds

208 1731 246 1762 of
265 1731 382 1772 apples
406 1731 473 1762 and
495 1730 582 1761 their
606 1729 786 1761 medieinal
808 1729 919 1766 uses,'’
943 1740 962 1760 a
987 1729 1097 1761 better
1120 1740 1225 1767 sense,
1245 1730 1305 1761 but
1329 1730 1387 1761 the

209 1775 309 1805 Latin
327 1775 353 1805 is
371 1774 485 1804 rather
501 1772 580 1804 odd.

253 1816 266 1837 ὓ
292 1816 359 1846 For
378 1815 448 1846 this
469 1825 522 1845 see
542 1814 658 1846 Celsus
677 1813 736 1844 IV.
761 1814 811 1850 19,
832 1814 846 1853 ξ
869 1814 883 1844 l
906 1813 989 1843 with
1009 1812 1186 1853 Spencer's
1204 1815 1295 1843 note.
1343 1811 1396 1842 He

211 1862 364 1899 suggests
379 1858 511 1898 pyloric
527 1867 640 1897 spasm
656 1856 723 1887 and
739 1856 917 1887 intestinal
932 1860 1049 1896 atony.

250 1906 261 1925 ἑ
290 1906 370 1938 This
393 1909 562 1942 sentence,
582 1905 690 1936 which
711 1904 882 1935 Detlefsen
904 1905 1011 1944 prints
1031 1914 1067 1934 as
1086 1914 1106 1934 a
1125 1903 1346 1944 parenthesis,
1365 1904 1392 1934 is

209 1949 343 1991 plainly
359 1953 421 1980 out,
437 1949 475 1979 of
488 1948 582 1989 place
599 1958 636 1979 as
651 1949 679 1978 it
695 1947 814 1978 stands
830 1948 864 1978 in
881 1948 938 1978 the
956 1947 1193 1987 manuscripts.
1240 1945 1392 1987 Mayhoff

209 2002 287 2033 says
321 1993 399 2024 that
430 1992 480 2023 his
510 1991 755 2032 transposition
786 2000 854 2021 was
885 1989 984 2021 made
1016 1989 1035 2002 “
1050 1988 1119 2021 coll.
1150 1989 1298 2026 Diosc.,’‘
1330 1988 1392 2020 but

213 2054 284 2099 480
