1469 2299
100 280 154 312 101

103 758 157 788 102

106 1077 160 1108 [03

106 1450 162 1479 104

385 117 579 154 PLINY:
624 117 884 155 NATURAL
918 117 1148 154 HISTORY

183 222 324 270 quibus
364 224 516 256 innatet
554 220 676 263 cibus,
714 219 764 256 ad
800 222 984 263 tormina,
1021 222 1148 269 regios
1185 221 1354 262 morbos,

183 277 322 311 tussim
368 280 544 309 veterem
588 286 677 309 cum
721 275 897 322 suspirio.
965 273 1125 310 discutit
1171 280 1211 310 et
1255 273 1354 310 foliis

186 334 354 364 strumas
383 326 582 375 quadrinis
611 326 750 362 diebus
779 325 920 370 soluta,
949 325 1118 363 furfures
1146 329 1286 376 capitis
1315 333 1355 364 et

185 381 315 417 ulcera
337 382 538 416 manantia
561 379 673 415 inlita
695 392 743 415 ex
766 379 852 415 oleo
873 385 996 415 cocta.
1051 382 1233 429 coquitur
1255 386 1295 416 et
1317 382 1354 416 in

184 433 302 470 melle
331 434 405 469 cibi
436 435 577 482 gratia,
607 435 780 468 maxime
809 435 867 469 uti
898 435 1192 469 concoctionem
1223 432 1353 470 faciat.

185 489 238 523 sic
264 492 303 523 et
330 489 515 522 interiora
541 491 696 535 purgat.
753 488 869 522 rimas
894 486 1042 535 pedum
1067 492 1179 522 sanat
1206 488 1245 522 in
1270 486 1356 523 oleo

185 545 296 576 cocta
316 545 356 575 et
374 542 499 575 mixta
519 542 683 575 resinae.
739 551 874 575 semen
894 541 976 575 eius
994 539 1216 575 lumborum
1235 539 1355 576 dolori

189 606 235 629 ex
272 593 388 628 melle
422 594 633 641 inponitur.
690 590 935 641 Pythagoras
970 592 1117 629 scillam
1152 595 1191 628 in
1224 592 1358 629 limine

189 659 346 695 quoque
374 648 516 681 ianuae
545 658 774 694 suspensam
803 651 939 682 contra
968 645 1158 682 malorum
1187 646 1356 683 medjca-

187 706 412 736 mentorum
435 701 638 735 introitum
662 698 809 747 pollere
830 698 964 735 tradit.

235 752 319 788 XL.
350 752 482 788 Ceteri
501 753 512 775 ¹
539 752 645 788 bulbi
673 765 720 788 ex
745 758 859 788 aceto
885 758 924 788 et
951 751 1109 801 sulpure
1135 752 1358 789 vulneribus

189 808 227 841 in
256 805 355 841 facie
383 805 608 848 medentur,
636 818 707 854 per
733 818 775 841 se
803 818 894 841 vero
922 807 1005 841 triti
1034 818 1241 842 nervorum
1270 819 1358 842 con-

187 861 369 895 tractioni
409 864 449 894 et
488 871 535 894 ex
575 861 663 894 vino
700 861 900 908 porrigini,
937 872 1026 894 qun
1063 859 1181 895 melle
1217 872 1357 896 canum

188 912 403 954 morsibus3
445 912 683 948 Erasistrato
710 912 841 960 placet
870 925 957 948 cum
986 914 1085 961 pice.
1140 912 1244 949 idem
1273 926 1359 949 san·

189 968 348 1015 guinem
375 967 513 1001 sistere
539 978 603 1001 eos
628 965 751 1001 tradit
775 965 905 1002 inlitos
929 978 1018 1001 cum
1042 965 1172 1002 melle.
1227 965 1304 1010 alii,
1329 968 1357 1002 si

190 1031 211 1054 e
250 1019 407 1054 naribus
447 1017 557 1061 fluat,
596 1018 844 1054 coriandrum
884 1024 925 1055 et
964 1018 1131 1055 farinam
1170 1018 1356 1056 adiciunt.

187 1071 416 1107 Theodorus
444 1077 485 1108 et
511 1070 683 1108 lichenas
711 1084 759 1108 ex
786 1077 900 1108 aceto
925 1071 1054 1108 bulbis
1080 1077 1206 1116 curat,
1232 1085 1358 1109 erum-

188 1127 324 1174 pentia
360 1127 398 1160 in
433 1127 565 1173 capite
604 1138 692 1161 cum
735 1127 825 1161 vino
867 1131 1026 1161 austero
1068 1132 1136 1162 aut
1179 1139 1263 1162 ovo.
1319 1132 1360 1163 et

188 1178 327 1214 bulbos
362 1177 558 1227 epiphoris
595 1178 700 1215 idem
736 1178 863 1214 inlinit
902 1184 942 1215 et
976 1181 1101 1215 siccae
1135 1179 1357 1228 lippitudini

190 1231 320 1267 media
360 1244 506 1268 eorum.
562 1233 657 1267 vitia
687 1244 790 1281 quae
828 1238 918 1268 sunt
958 1234 995 1268 in
1035 1231 1134 1268 facie
1172 1233 1360 1269 rubentes

191 1287 362 1321 maxime
388 1287 425 1320 in
450 1285 531 1321 sole
556 1285 655 1321 inliti
680 1298 769 1321 cum
792 1285 910 1322 melle
936 1291 975 1322 et
1001 1288 1103 1322 nitro
1131 1286 1360 1330 emendant,

191 1338 423 1387 lentiginem
461 1351 549 1374 cum
585 1340 673 1374 vino
708 1344 777 1375 aut
815 1351 903 1375 cum
935 1340 1081 1376 aceto.2
1137 1339 1360 1376 vulneribus

190 1404 348 1440 quoque
381 1393 480 1427 mire
514 1397 677 1440 prosunt
712 1405 783 1441 per
817 1405 859 1428 se
893 1398 976 1436 aut,
1010 1398 1055 1429 ut
1091 1392 1276 1436 Damion,
1311 1406 1360 1429 ex

188 1444 346 1488 mulso,3
372 1447 402 1481 si
432 1447 570 1494 quinto
599 1445 663 1481 die
687 1445 899 1482 solvantur.
954 1445 1079 1482 isdem
1105 1451 1146 1482 et
1169 1446 1361 1483 auriculas

189 1497 333 1534 fractas
370 1504 481 1534 curat
520 1504 561 1535 et
598 1501 761 1535 testium
800 1501 976 1548 pituitas.
1032 1501 1070 1535 in
1108 1499 1359 1536 articulorum

246 1610 257 1628 ¹
281 1611 383 1641 ceteri
399 1611 523 1651 aliquot
539 1611 628 1642 codd.
645 1616 672 1642 e!
690 1611 865 1652 Mayhoff:
896 1616 1046 1643 ceterum
1062 1611 1125 1643 alii
1140 1617 1168 1644 et
1185 1612 1358 1653 Dellessen.

240 1653 252 1671 ²
275 1664 352 1684 cum
365 1658 462 1684 aceto
478 1653 620 1690 Urlichs,
632 1653 807 1695 Detkfsen,
820 1655 990 1695 Μαμὶιοῇε
1014 1656 1159 1692 cucumi,
1171 1666 1249 1687 cum
1261 1666 1359 1687 cucu-

196 1696 255 1731 mi,
274 1697 421 1733 cumino,
440 1707 516 1727 cum
536 1697 672 1727 cumino
689 1697 780 1728 codd.
798 1702 896 1728 cocto
913 1698 1035 1730 addito.

243 1738 256 1756 ³
282 1739 391 1770 mulso
409 1740 522 1770 codd.:
555 1750 672 1770 musco
696 1740 734 1771 V.
754 1740 848 1771 Rose.

229 1861 243 1876 ⁰
267 1856 319 1896 By
343 1855 361 1868 “
378 1856 476 1887 bulbs
491 1856 511 1867 ”
533 1867 589 1887 are
612 1860 727 1887 meant
748 1856 915 1898 probably
937 1868 1029 1889 some
1051 1857 1151 1889 kinds
1173 1857 1210 1889 of
1227 1860 1359 1896 onions,

183 1909 221 1930 as
237 1899 308 1929 well
325 1909 360 1929 as
378 1899 501 1935 chives,
517 1899 629 1939 garlic,
647 1903 710 1930 etc.

231 1941 243 1960 ὸ
267 1943 337 1973 The
367 1943 464 1973 other
493 1944 649 1985 readings
680 1943 790 1974 would
819 1945 896 1985 give
927 1944 1043 1975 “with
1075 1945 1293 1976 cucumber”
1323 1956 1361 1977 or

187 1985 206 1998 ‘⁴
222 1986 303 2016 with
323 1986 506 2016 cummin.’‘

187 2046 234 2081 60
