1469 2299
101 183 160 212 233

102 534 163 563 234

107 1295 166 1323 2313

390 73 584 110 PLINY:
630 72 890 110 NATURAL
926 72 1160 110 HISTORY

188 176 448 226 dysintericos
476 188 613 211 semen
640 174 793 211 duabus
820 173 1015 210 drachmis
1043 177 1081 210 in
1109 177 1198 210 vino
1224 180 1362 224 potum

190 235 344 270 liberat.
399 232 631 284 oxylapathi
665 246 801 269 semen
835 232 959 269 lotum
994 235 1034 268 in
1067 246 1169 282 aqua
1203 233 1363 269 caelesti

191 295 425 342 sanguinem
461 292 714 328 reicientibus
749 291 906 327 adiecta
940 293 1071 327 acacia
1105 291 1222 327 lentis
1257 305 1364 341 mag-

190 351 370 388 nitudine
397 351 570 400 prodest.
626 352 986 399 praestantissimos
1013 349 1188 398 pastillos
1215 349 1365 386 faciunt

191 424 238 446 ex
269 409 369 446 foliis
400 416 440 446 et
470 409 600 446 radice
629 409 766 445 addito
795 411 898 445 nitro
928 414 969 445 et
997 415 1086 445 ture
1116 411 1271 459 exiguo.
1327 411 1366 444 in

190 482 263 505 usu
288 474 402 505 aceto
427 468 595 505 diluunt.

242 527 462 563 LXXXVI.
491 526 570 563 Sed
617 528 787 562 sativum
834 528 874 561 in
922 525 1118 574 epiphoris
1166 525 1366 562 oculorum

191 586 359 622 inlinunt
384 585 590 621 frontibus.
647 585 778 621 radice
801 584 973 620 lichenas
998 590 1039 620 et
1063 584 1190 633 lepras
1213 591 1366 628 curant,

191 647 230 680 in
250 647 339 680 vino
358 657 450 680 vero
469 644 633 680 decocta
653 649 822 679 strumas
843 649 883 679 et
904 643 1119 692 parotidas,
1140 649 1181 679 et
1199 643 1367 679 calculos

191 709 286 752 pota
303 716 324 739 e
341 704 351 725 ¹
377 705 465 738 vino
483 708 523 738 et
548 702 668 738 lienes
685 702 811 743 inlita,
827 702 1017 737 coeliacos
1034 714 1161 750 aeque
1179 707 1219 737 et
1235 702 1367 751 dysin-

193 764 335 798 tericos
357 767 397 797 et
418 767 630 797 tenesmos.
681 760 729 796 ad
752 761 974 809 eademque
988 761 1002 783 2
1020 763 1151 796 omnia
1173 760 1366 796 efficacius

192 823 250 856 ius
268 819 432 869 lapathi,
451 826 490 855 et
510 826 643 856 ructus
662 819 755 855 facit
775 826 814 855 et
834 822 985 854 urinam
1004 821 1081 855 ciet
1101 825 1140 855 et
1159 819 1368 868 caliginem

192 878 392 915 oculorum
426 878 601 921 discutit,
636 881 732 914 item
767 880 962 926 pruritum
996 880 1166 926 corporis
1201 880 1239 913 in
1273 877 1369 914 solia

192 937 437 973 balinearum
470 936 649 973 additum
682 942 750 972 aut
784 939 888 984 prius
931 938 1058 985 ipsum
1098 936 1253 972 inlitum
1284 938 1368 972 sine

150 1004 163 1017 ⁷
192 995 290 1032 oleo.
347 995 476 1032 firmat
497 1001 538 1031 et
556 995 886 1031 commanducata
905 995 1015 1031 radix
1035 994 1189 1031 dentes.
1227 994 1369 1031 eadem

193 1054 357 1090 decocta
377 1067 466 1090 curn
488 1056 577 1090 vino
597 1056 699 1090 sistit.
721 1053 866 1097 alvum,
887 1052 979 1089 folia
1000 1053 1167 1089 solvunt.
1223 1053 1369 1090 adiecit

193 1112 296 1156 Solo,
315 1126 364 1148 ne
382 1113 476 1162 quid
494 1115 740 1155 omittamus,
758 1111 1033 1161 bulapaffium,
1052 1112 1191 1148 radicis
1208 1117 1367 1148 tantum

193 1171 405 1208 altitudine
443 1171 626 1207 differens
666 1177 707 1207 et
756 1171 879 1221 erga3
917 1170 1176 1220 dysintericos
1225 1169 1367 1207 effectu

194 1231 341 1279 potae⁴¹
365 1243 412 1266 ex
438 1232 538 1266 vino.

246 1289 488 1325 LXXXVII.
517 1288 665 1337 Sinapi,
705 1291 814 1325 cuius
854 1290 893 1324 in
932 1290 1066 1324 sativis
1106 1290 1183 1324 tria
1221 1301 1369 1338 genera

195 1348 379 1391 diximus,
425 1346 671 1397 Pythagoras
716 1350 980 1396 principatum
1025 1346 1172 1383 habere
1217 1359 1265 1382 ex
1309 1348 1368 1386 his

194 1419 360 1455 quorum
381 1407 574 1442 sublime⁵
595 1409 650 1442 vis
679 1405 830 1442 feratur
857 1405 1057 1449 iudicavit,
1078 1407 1263 1454 quoniam
1291 1417 1369 1441 non

197 1465 302 1501 aliud
342 1468 466 1515 magis
507 1467 546 1501 in
586 1478 698 1501 nares
740 1470 781 1501 et
820 1465 1025 1500 cerebrum
1065 1470 1264 1513 penetret.
1319 1463 1368 1500 ad

195 1526 438 1573 serpentium
474 1526 573 1560 ictus
607 1529 648 1560 et
681 1526 928 1572 scorpionum
961 1525 1100 1559 tritum
1133 1536 1222 1558 cum
1255 1528 1369 1558 aceto

195 1582 382 1619 inlinitur.
438 1584 649 1632 fungorum
698 1595 852 1618 venena
899 1582 1073 1618 discutit.
1128 1587 1265 1618 contra
1312 1583 1368 1630 pi-

287 1669 297 1687 ¹
322 1669 429 1699 earld.
456 1668 618 1708 Mayhoff.

286 1711 298 1730 ²
321 1711 363 1741 ad
382 1711 570 1751 eademque
588 1711 770 1751 Dellefsen:
794 1721 835 1741 ex
853 1711 1040 1751 eademque
1059 1709 1101 1740 ad
1122 1707 1283 1750 Mayltoff.

284 1754 297 1773 ³
320 1765 399 1794 erga
416 1755 505 1785 codd.
523 1759 551 1785 et
568 1754 731 1794 Dellessen
748 1766 754 1784 z
773 1755 904 1794 egregio
922 1753 965 1784 ad
984 1753 1146 1793 Mayhoff.

285 1796 297 1815 ⁴
321 1802 423 1837 potae
442 1797 646 1828 Gronovius:
678 1802 761 1837 pota
778 1797 867 1827 codd.

285 1839 298 1858 ⁵
321 1840 466 1870 sublime
483 1839 647 1879 Detlefsen
662 1844 690 1870 et
706 1840 795 1869 codd.
812 1851 819 1870 ε
849 1840 882 1869 in
900 1838 1044 1869 sublime
1062 1837 1225 1878 Mayhoff.

452 1910 465 1922 ‘¹
491 1891 647 1945 pati-enee
665 1904 764 1941 (look,
784 1905 910 1935 Ramex
925 1905 1100 1945 patientia.

453 1947 467 1968 ὓ
492 1950 553 1979 b'ee
571 1947 671 1978 XIX.
691 1949 705 1987 ξ
725 1949 797 1978 171.

194 1995 261 2040 136
