1469 2299
157 493 192 522 14

157 1006 192 1036 15

158 1328 193 1358 16

423 128 616 165 PLINY:
662 127 924 165 NATURAL
958 127 1192 165 HISTORY

220 229 428 268 stomacho
473 230 590 266 utiles
635 235 740 266 sunt.
798 232 1042 279 inspergitur
1087 229 1214 266 farina
1258 242 1394 266 eorum

219 295 408 345 polentae
431 294 550 331 modo
572 296 724 343 potioni
748 299 789 330 et
811 293 1064 343 dysintericis
1088 298 1129 330 et
1151 293 1332 330 coeliacis
1355 299 1396 330 et

221 358 415 395 dissoluto
450 357 668 395 stomacho.
726 357 893 394 decocto
929 360 1050 394 etiam
1089 370 1225 394 eorum
1262 357 1396 394 fovere

223 436 358 472 psoras
379 428 420 459 et
440 425 636 472 pruritum
658 421 756 458 utile
777 427 850 458 est.

276 487 325 523 X.
357 487 520 523 Vinacei
541 499 612 536 per
631 499 673 522 se
693 488 823 522 minus
842 488 964 534 capiti
985 491 1055 522 aut
1074 488 1230 522 vesicae
1251 491 1397 522 nocent

221 564 342 600 quam
368 551 513 593 nuclei,
538 563 805 586 mammarum
830 549 1135 586 inflammationi
1163 550 1282 586 utiles
1307 563 1397 586 cum

220 615 302 651 sale
328 617 425 652 triti.
483 615 693 651 decoctum
721 627 858 651 eorum
883 619 1041 650 veteres
1067 614 1331 664 dysintericos
1357 619 1398 651 et

222 679 415 716 coeliacos
431 681 542 715 iuvat
557 684 597 715 et
612 681 777 728 potione
792 683 833 715 et
848 677 948 715 fotu.
998 678 1068 714 XI.
1101 678 1189 715 Uva
1209 678 1398 723 theriace,

223 743 273 780 de
304 757 382 793 qua
410 757 482 780 suo
518 743 600 780 loco
629 743 814 787 diximus,
849 748 986 779 contra
1014 745 1265 792 serpentium
1295 745 1398 779 ictus

223 813 346 844 estur.
404 809 613 856 pampinos
662 820 823 856 quoque
872 809 956 843 eius
1005 806 1182 843 edendos
1230 812 1399 844 censent

222 871 568 921 inponendosque‚
597 877 638 908 et
664 873 800 907 vinum
827 876 869 907 et
895 876 1055 907 acetum
1084 884 1132 907 ex
1159 870 1220 907 his
1246 870 1398 908 factum

222 936 458 973 auxiliarem
478 941 618 972 contra
639 935 782 972 eadem
802 937 881 971 vim
902 934 1038 971 habet.

274 1000 369 1037 XII.
401 1000 491 1037 Uva
524 1013 641 1050 passa
674 1013 793 1050 quarn
829 998 1041 1049 astaphida
1075 1005 1219 1036 vocant
1252 1005 1398 1036 stoma-

221 1064 355 1107 chum,
393 1070 576 1101 ventrem
615 1070 657 1101 et
694 1066 905 1100 interanea
941 1069 1180 1113 temptaret,
1218 1066 1291 1100 nisi
1329 1077 1400 1113 pro

221 1129 400 1165 remedio
425 1131 464 1165 in
489 1131 583 1178 ipsis
608 1130 730 1165 acinis
754 1128 884 1164 nuclei
911 1134 1058 1164 essent.
1115 1127 1174 1164 his
1200 1131 1400 1177 exemptis

222 1196 377 1230 vesicae
397 1193 504 1230 utilis
525 1193 699 1229 habetur
718 1198 760 1229 et
778 1192 1024 1229 tussi—alba
1043 1192 1339 1229 utilior—utilis
1359 1198 1401 1229 et

222 1260 394 1294 arteriae
421 1263 463 1294 et
488 1258 664 1300 renibus,
690 1260 793 1294 sicut
819 1270 867 1293 ex
894 1256 954 1293 his
978 1270 1140 1306 passum
1166 1259 1353 1306 privatim
1379 1270 1401 1294 e

224 1322 480 1372 serpentibus
512 1327 652 1358 contra
682 1320 990 1358 haemorrhoida
1020 1326 1177 1370 potens.
1234 1323 1401 1358 testium

224 1385 529 1423 inflammationi
577 1399 667 1423 curn
715 1385 844 1422 farina
890 1387 1036 1422 cumini
1086 1391 1157 1422 aut
1203 1385 1400 1422 coriandri

223 1453 484 1500 inponuntur,
501 1453 600 1487 item
617 1450 882 1493 carbunculis,
900 1449 1135 1486 articulariis
1152 1450 1299 1486 morbis
1316 1452 1401 1486 sine

223 1515 373 1552 nucleis
407 1517 529 1552 tritae
562 1528 652 1551 cum
686 1520 789 1551 ruta.
845 1513 981 1551 fovere
1015 1519 1111 1550 ante
1143 1516 1235 1550 vino
1268 1514 1401 1551 ulcera

222 1585 397 1629 oportet.
446 1585 592 1616 sanant
613 1578 865 1629 epinyctidas
888 1584 929 1615 et
949 1581 1053 1616 ceria
1075 1583 1117 1615 et
1137 1578 1401 1628 dysinteriam

223 1657 314 1680 cum
353 1646 433 1680 suis
473 1643 636 1680 nucleis.
694 1648 736 1680 et
775 1645 815 1679 in
854 1642 942 1679 oleo
981 1648 1121 1679 coctae
1159 1645 1401 1693 gangraenis

223 1708 447 1745 inlinuntur
466 1721 557 1744 cum
577 1710 726 1744 cortice
746 1706 914 1756 raphani
936 1712 978 1744 et
997 1706 1131 1750 melle,
1152 1707 1339 1757 podagris
1360 1712 1402 1744 et

264 1830 278 1845 ⁰
303 1826 402 1864 Here,
425 1836 462 1858 as
484 1826 543 1858 the
564 1829 706 1858 context
726 1828 890 1867 suggests,
913 1825 1001 1866 potio
1023 1828 1115 1857 must
1137 1835 1236 1856 mean
1257 1835 1343 1867 soup
1364 1835 1402 1857 or

221 1869 325 1912 gruel.

269 1913 281 1932 ὓ
305 1913 365 1945 866
383 1912 478 1944 XIV.
495 1912 511 1952 ξ
531 1913 601 1944 117.

266 1960 278 1975 ⁶
299 1955 360 1986 See
377 1955 456 1986 XX.
475 1955 507 1994 ἐξ
523 1957 576 1992 50,
593 1955 667 1987 210.

263 1997 279 2017 ‘¹
302 1999 361 2031 866
379 1998 459 2029 XX.
476 2000 519 2030 44
535 1998 602 2029 and
620 1995 874 2034 Introduction,
893 2007 949 2038 pp.
967 1997 1095 2030 viii-ix.

224 2072 296 2107 424
