1469 2299
163 354 198 384 51

169 1320 208 1348 53

432 116 627 153 PLINY:
673 116 934 153 NATURAL
967 115 1200 153 HISTORY

229 221 313 256 eius
347 221 504 255 sinistra
538 218 697 267 decerpi
733 218 872 254 iubent
907 217 1034 268 Magi,
1069 224 1111 254 et
1143 220 1253 254 cuius
1287 231 1404 255 causa

229 289 410 320 sumatur
432 283 506 319 dici
530 284 794 332 tertianisque
817 281 993 318 febribus
1017 281 1232 332 adalligari.

280 347 404 384 XXV.
434 347 507 384 Est
528 352 569 383 et
589 346 665 382 alia
684 345 809 382 herba
828 348 986 396 proprio
1006 348 1164 382 nomine
1185 345 1405 390 onochilon,

229 425 349 462 quam
385 411 504 461 aliqui
540 410 755 447 anchusam
790 416 946 453 vocant,
981 410 1044 446 alii
1080 409 1306 454 archebion,
1342 411 1403 447 alii

231 475 466 519 onochelim,
495 475 615 525 aliqui
644 474 838 518 rhexiam‚
866 474 981 511 multi
1011 473 1258 525 enchrysam‚
1286 488 1406 525 parvo

231 540 388 584 frutice,
411 540 505 577 flore
529 552 742 589 purpureo,
764 541 912 589 asperis
935 538 1035 575 foliis
1059 545 1100 576 et
1121 542 1253 583 ramis,
1274 539 1406 576 radice

230 605 423 641 messibus
476 606 708 654 sanguinea,
761 609 896 640 cetero
948 605 1073 653 nigra,
1126 606 1165 639 in
1217 603 1407 640 sabulosis

230 682 409 712 nascens,
429 668 565 705 efficax
585 674 723 705 contra
742 673 949 717 serpentes
968 670 1222 717 maximeque
1242 670 1408 717 viperas,

232 739 273 770 et
298 733 429 769 radice
456 738 497 769 et
522 732 636 776 foliis,
662 745 789 782 aeque
814 732 901 768 cibo
926 745 970 768 ac
995 737 1106 781 potu.
1162 735 1261 768 vires
1286 731 1409 769 habet

231 798 436 834 messibus.
493 796 585 833 folia
625 799 721 833 trita
760 796 923 833 odorem
963 799 1182 833 cucumeris
1222 796 1408 833 reddunt.

165 870 181 894 c·
231 861 351 898 datur
379 864 416 897 in
446 860 600 911 cyathis
629 861 755 897 tribus
784 860 900 896 vulva
927 860 1172 910 procidente.
1229 860 1340 909 pellit
1369 867 1410 897 et

232 928 386 962 taenias
405 939 494 962 cum
514 925 678 976 hysopo,
698 930 739 961 et
759 927 797 961 in
816 924 950 961 dolore
969 927 1123 961 renium
1143 930 1212 961 aut
1231 927 1410 961 iocineris

233 1003 280 1026 ex
303 1004 407 1039 aqua
426 990 566 1033 mulsa,
587 992 617 1026 si
639 989 759 1025 febris
780 992 844 1032 sit,
865 992 924 1025 sin
945 988 1073 1032 aliter,
1095 1002 1116 1025 e
1138 992 1226 1025 vino
1247 989 1408 1026 bibitur.

237 1055 415 1104 lentigini
445 1068 488 1091 ac
518 1054 634 1104 lepris
664 1054 774 1090 radix
804 1053 993 1090 inlinitur.
1048 1052 1244 1090 habentes
1273 1066 1362 1090 eam
1389 1067 1411 1090 a

234 1119 486 1168 serpentibus
512 1118 617 1155 feriri
644 1124 854 1168 negantur.
911 1123 972 1154 est
998 1124 1040 1154 et
1064 1117 1139 1154 alia
1164 1117 1254 1154 huic
1278 1118 1411 1155 similis

235 1183 329 1220 flore
352 1184 484 1226 rubro,
508 1185 647 1226 minor,
672 1188 713 1219 et
735 1185 820 1232 ipsa
843 1182 894 1219 ad
917 1181 1078 1219 eosdem
1101 1195 1208 1226 usus,
1230 1182 1410 1219 tradunt-

236 1261 326 1297 que,
343 1248 676 1284 commanducata
698 1260 745 1283 ea
766 1249 795 1283 si
817 1249 1039 1296 inspuatur,
1056 1249 1152 1283 mori
1170 1252 1411 1296 serpentem.

285 1312 431 1348 XXVI.
462 1311 674 1349 Anthemis
707 1314 860 1362 magnis
892 1311 1075 1348 laudibus
1107 1311 1333 1348 celebratur
1363 1312 1412 1348 ab

236 1377 484 1426 Asclepiade.
541 1376 661 1426 aliqui
694 1375 1016 1412 leucanthemida
1048 1382 1204 1419 vocant,
1237 1375 1299 1412 alii
1334 1376 1411 1413 leu-

235 1440 507 1485 canthemum,
531 1441 594 1477 alii
619 1440 910 1484 eranthemida,
934 1443 1121 1490 quoniam
1145 1453 1237 1476 vere
1260 1439 1412 1484 floreat,

236 1505 298 1541 alii
338 1505 653 1548 chamaemelon,
693 1507 878 1555 quoniam
919 1504 1081 1542 odorem
1119 1504 1212 1541 mali
1251 1503 1411 1541 habeat.

236 1570 410 1606 nonnulli
433 1569 679 1606 melanthion
701 1575 854 1606 vocant.
911 1582 1059 1620 genera
1082 1571 1164 1605 eius
1190 1571 1265 1605 tria
1291 1568 1385 1605 flore
1401 1569 1415 1592 ¹

288 1682 298 1700 ¹
325 1681 427 1718 flores
440 1682 608 1712 Barbarus
625 1682 755 1721 (ταύτης
772 1680 840 1720 εἴδη
864 1684 946 1720 τρία,
964 1679 1070 1711 ἄνθεσι
1093 1682 1194 1720 μόνον
1210 1679 1414 1719 διαφέροντα,

244 1724 448 1808 ξίὶἕῐὲἕέἰω
476 1725 542 1756 ΙΙΙ.
574 1725 669 1764 137);
710 1724 831 1754 fronde
858 1724 929 1764 fere
964 1734 1074 1754 omnes
1107 1724 1210 1760 codd„
1241 1723 1405 1763 Helles-ven

284 1892 298 1906 ⁰
321 1886 455 1918 Folium
476 1896 556 1926 may
577 1885 724 1926 perhaps
747 1885 786 1916 be
807 1884 996 1920 collective,
1019 1885 1038 1897 “
1052 1883 1202 1915 leaves.”

285 1929 297 1948 ὁ
320 1929 498 1960 Forcellini
523 1930 616 1969 gives
640 1928 717 1959 four
739 1927 914 1968 examples
937 1927 976 1958 of
989 1927 1102 1968 sruleoe
1124 1928 1157 1958 in
1182 1927 1241 1958 the
1263 1937 1360 1958 sense
1383 1926 1417 1957 of

238 1972 355 2009 caulis,
377 1972 508 2013 though
533 1971 592 2002 the
618 1982 676 2002 use
700 1972 726 2002 is
750 1976 811 2002 not
834 1970 992 2012 speeified
1016 1970 1048 2000 in
1070 1970 1177 2001 Lewis
1201 1970 1268 2000 and
1295 1970 1416 2007 Short3

240 2044 311 2093 328
