1469 2299
117 577 134 602 ι’)
139 575 157 603 6

387 93 580 131 PLINY:
626 94 887 132 NATURAL
920 94 1155 132 HISTORY

185 208 321 232 earum
351 195 597 232 silvestribus
628 199 723 232 rosis
753 196 881 232 simili.
937 195 1007 232 sed
1037 198 1077 231 in
1108 196 1167 233 his
1199 211 1356 247 quoque

185 248 288 285 colos
308 254 467 284 tantum
487 249 678 289 delectat,
698 249 794 285 odor
814 255 949 285 autem
970 249 1097 285 abest.
1154 250 1205 286 Et
1225 253 1356 287 cneori

185 302 263 338 duo
286 315 450 351 genera,
475 305 572 352 nigri
599 308 722 351 atque
745 302 915 338 candidi.
972 302 1044 338 hoc
1068 308 1109 339 et
1133 303 1357 347 odoratum,

188 368 339 392 ramosa
376 356 505 391 ambo.
562 355 705 391 florent
741 362 830 404 post
867 358 1164 404 aequinoctium
1201 362 1358 393 autum-

189 422 293 444 num.
350 409 521 445 totidem
550 415 591 444 et
621 412 771 459 origani
803 412 842 445 in
872 413 1164 446 coronamentis
1191 413 1357 459 species,

185 462 348 498 alterius
367 464 471 498 enim
491 462 640 498 nullum
663 475 815 505 semen,
832 462 870 498 id
887 465 948 498 cui
965 462 1062 499 odor
1078 469 1140 499 est
1156 463 1356 500 Creticum

185 521 360 551 vocatur.

236 568 384 604 XXXI.
415 568 599 604 Totidem
623 575 664 604 et
684 567 827 618 thymi,
847 568 1060 605 candidum
1081 582 1126 605 ac
1147 572 1355 619 nigricans.

186 620 299 657 floret
321 628 455 657 autcm
479 625 579 657 circa
601 622 803 664 solstitia‚¹
825 635 914 658 cum
937 628 977 658 et
1001 635 1096 671 apes
1121 623 1357 672 decerpunt,

185 681 226 711 et
258 678 467 724 augurium
501 675 626 711 mellis
652 676 744 711 est.2
799 681 1035 725 proventum
1064 679 1169 712 enim
1194 683 1357 726 sperant

185 731 321 776 apiarii
376 728 484 777 large
537 728 773 765 florescente
827 742 886 765 eo.
944 729 1115 765 laeditur
1166 731 1357 767 imbribus

185 785 416 830 amittitque
442 782 590 818 florem.
646 795 783 818 semen
805 782 932 833 thymi
958 796 1036 819 non
1058 789 1193 831 potest
1216 783 1356 833 depre-

185 834 319 878 hendi,
350 848 438 871 cum
471 838 621 882 origani
655 849 846 884 perquam
880 839 1078 872 minutum
1111 850 1187 872 non
1219 843 1356 873 tamen

184 888 308 925 fallat.
363 889 434 925 sed
472 889 566 938 quid
604 892 772 925 interest
810 889 1029 926 occultasse
1067 889 1106 926 id
1145 891 1356 926 naturam?

183 944 220 977 in
248 942 342 978 flore
368 945 453 991 ipso
479 943 727 991 intellegitur
752 949 920 992 satoque
947 955 993 979 co
1020 946 1206 980 nascitur.
1262 944 1357 993 quid

184 1009 260 1030 non
300 1002 552 1044 temptavere
591 995 798 1032 homines?
863 996 989 1032 mellis
1029 998 1153 1033 Attici
1192 1000 1232 1033 in
1270 1003 1357 1034 toto

183 1050 278 1084 orbe
303 1062 458 1084 summa
483 1049 566 1085 laus
591 1052 855 1085 existimatur.
912 1062 1007 1099 ergo
1032 1050 1270 1086 translatum
1296 1057 1357 1087 est

184 1115 232 1137 ex
256 1104 394 1138 Attica
417 1102 600 1152 thymum
624 1109 665 1138 et
688 1105 750 1138 vix
774 1102 882 1145 flore,
905 1106 963 1139 uti
985 1103 1189 1147 docemur,
1211 1109 1355 1141 satum.

184 1155 253 1191 sed
284 1156 359 1191 alia
391 1159 491 1192 ratio
522 1162 690 1192 naturae
721 1157 879 1193 obstitit
909 1170 986 1193 non
1018 1157 1189 1193 durante
1220 1158 1357 1194 Attico

184 1208 324 1258 thymo
360 1212 430 1245 nisi
469 1212 507 1245 in
544 1209 694 1246 adflatu
733 1213 863 1246 maris.
933 1216 1021 1246 erat
1058 1210 1221 1259 quidem
1259 1210 1357 1249 haec

185 1265 317 1311 opinio
342 1266 507 1312 antiqua
529 1265 567 1298 in
588 1266 693 1299 omni
719 1262 874 1313 thymo,
894 1263 1066 1313 ideoque
1092 1277 1169 1300 non
1191 1267 1296 1301 nasci
1317 1268 1357 1301 in

185 1316 368 1359 Arcadia,
382 1329 472 1352 cum
493 1316 623 1352 oleam
644 1330 720 1353 non
742 1322 933 1365 putarent
953 1319 1062 1367 gigni
1086 1320 1156 1353 nisi
1171 1320 1275 1354 intra
1291 1331 1357 1355 ccc

183 1369 314 1406 stadia
338 1383 359 1405 a
384 1372 494 1406 mari.
551 1369 691 1420 thymo
717 1370 879 1419 quidem
904 1384 1007 1407 nunc
1033 1373 1155 1407 etiam
1179 1371 1356 1420 lapideos

183 1435 343 1472 campos
384 1425 422 1459 in
462 1426 662 1472 provincia
703 1423 951 1460 Narbonensi
991 1424 1159 1461 refertos
1199 1427 1357 1468 scimus,

183 1475 256 1513 hoc
300 1489 429 1526 paene
474 1476 556 1513 solo
600 1477 746 1520 reditu,
792 1490 814 1514 e
858 1477 1083 1527 longinquis
1127 1479 1356 1527 regionibus

231 1580 242 1598 ¹
265 1579 413 1610 solstitia
436 1590 546 1610 omnes
567 1580 656 1610 codd.
681 1585 708 1610 e!
730 1580 799 1610 edd.
849 1581 915 1620 qu
936 1581 1121 1611 solstitium
1145 1580 1269 1612 malim.

231 1622 244 1640 ²
267 1632 343 1653 cum
367 1646 374 1653 .
400 1646 407 1653 .
433 1647 441 1653 .
465 1626 527 1653 est.
575 1623 627 1653 Ita
655 1622 830 1662 Dellessem
857 1623 917 1654 etsi
944 1634 1009 1653 non
1035 1628 1070 1653 et
1097 1624 1151 1655 ,sed
1181 1627 1219 1654 ut
1241 1624 1356 1656 habent

186 1664 297 1704 plures
316 1665 405 1696 codd.
452 1665 539 1696 Tum
558 1670 586 1696 et
604 1670 643 1696 ut
661 1667 840 1706 augurium
860 1666 967 1696 mellis
985 1667 1029 1696 sit
1048 1666 1211 1707 Mayhoff.

224 1825 238 1839 ⁰
261 1821 332 1852 The
349 1831 521 1859 grammar
537 1821 575 1852 of
587 1821 656 1852 this
673 1826 832 1852 sentence
850 1833 911 1853 can
930 1822 971 1853 be
988 1823 1164 1863 improved
1182 1823 1227 1864 by
1244 1834 1356 1854 emen-

182 1865 312 1898 dation.
331 1864 393 1895 but
409 1865 468 1895 the
485 1864 555 1894 fact
572 1866 717 1895 remains
734 1865 811 1895 that
829 1875 872 1895 no
890 1866 946 1905 ivy
965 1865 1024 1895 has
1041 1876 1060 1896 a
1078 1866 1135 1896 red
1158 1866 1270 1897 flower
1290 1866 1356 1897 like

183 1908 241 1938 the
260 1907 338 1938 wild
362 1918 445 1938 rose.
493 1907 565 1937 Has
589 1907 686 1948 Pliny
709 1907 869 1938 confused
897 1908 1006 1941 κισσός
1026 1908 1093 1939 and
1115 1908 1223 1942 κίστος
1247 1909 1355 1946 (rock-

184 1955 269 1990 rose)
283 1953 296 1982 ἲ

184 2033 254 2058 200
