1469 2299
363 98 556 136 PLINY:
602 97 862 135 NATURAL
895 96 1130 134 HISTORY

158 204 264 251 rigit,
279 201 487 238 defunctos
502 206 638 249 partus
655 202 758 236 eicit.
813 212 950 235 semen
965 198 1332 235 obmutescentibus

159 254 308 291 olfactu
353 254 600 297 admovetur,
646 252 908 289 comitialibus
954 254 993 288 in
1040 257 1154 288 aceto
1198 250 1330 301 cyathi

159 321 343 344 mensura
371 307 500 344 datur.
555 309 586 342 si
615 319 742 355 aquae
770 305 988 341 insalubres
1015 304 1214 341 bibendae
1242 306 1334 347 sint,

158 363 298 397 tritum
345 363 579 410 aspergitur.
623 359 874 396 lassitudines
890 358 903 382 ¹
945 360 1129 407 corporis,
1167 359 1197 394 si
1244 370 1332 393 cum

159 416 248 450 vino
278 413 428 457 datur,2
456 416 612 455 minuit,
633 425 840 449 nervorum
871 424 989 448 causa
1019 416 1061 448 et
1091 413 1130 446 in
1159 415 1332 447 contrac-

159 470 267 503 tione
292 480 382 503 cum
406 466 487 503 sale
513 472 555 503 et
580 472 707 509 aceto,
733 471 773 502 et
799 464 916 501 melle
942 463 1146 500 infricatur
1170 466 1209 500 in
1233 466 1332 513 opis-

74 526 132 556 155
159 520 338 556 thotono.
393 521 543 556 bibitur
566 519 617 556 ad
641 521 887 568 serpentium
912 520 1011 554 ictus
1036 517 1259 560 decoctum,
1284 517 1332 553 ad

160 576 408 622 scorpionum
439 576 478 609 in
510 575 599 609 vino
629 575 783 615 tritum,
814 573 987 607 maxime
1019 570 1125 620 quod
1155 573 1194 606 in
1225 572 1334 606 siccis

160 629 344 663 nascitur.
400 626 450 663 ad
481 629 555 662 oris
587 625 916 668 exulcerationes,
947 624 997 661 ad
1027 626 1167 660 tussim
1198 623 1331 659 efficax

160 679 342 716 habetur.
397 679 467 716 flos
490 681 660 715 recentis
685 682 865 715 incensus
889 677 1037 727 pulices
1061 683 1177 713 necat
1201 677 1331 713 odore.

160 733 404 769 Xenocrates
428 733 533 782 pulei
558 746 712 769 ramum
735 732 825 768 lana
847 731 1068 767 involutum
1091 733 1131 766 in
1153 732 1334 767 tertianis

161 793 254 823 ante
296 789 560 822 accessionem
602 785 873 822 olfactandum
915 784 997 821 dari
1040 789 1110 820 aut
1151 783 1334 833 stragulis

161 840 283 876 subici
306 845 347 876 et
367 842 424 876 ita
444 839 623 876 collocari
644 852 807 888 aegrum
829 841 934 874 inter
954 837 1129 874 remedia
1149 837 1284 873 tradit.

73 898 132 928 156
212 892 292 929 LV.
321 892 496 929 Silvestri
527 892 576 929 ad
607 892 749 928 eadem
777 894 832 928 vis
862 891 1064 927 efficacior.
1126 890 1251 927 simile
1277 896 1335 926 est

161 949 337 996 origano,
360 947 574 982 minoribus
599 945 698 982 foliis
721 958 840 995 quam
863 947 1047 987 sativum,
1071 949 1113 980 et
1135 957 1157 979 a
1179 944 1333 993 quibus-

161 999 254 1036 dam
278 999 498 1036 dictamnos
523 1005 697 1035 vocatur.
752 1004 959 1048 gustatum
983 1011 1006 1034 a
1029 1009 1172 1046 pecore
1195 999 1332 1045 capris—

162 1066 240 1102 que
271 1053 449 1089 balatum
481 1055 669 1096 eoncitat,
700 1052 807 1088 unde
837 1051 999 1101 quidam
1031 1051 1172 1087 Graeci
1204 1050 1336 1086 littera

161 1112 320 1143 mutata
342 1105 578 1143 blechonem
601 1111 854 1142 vocaverunt.
910 1111 1052 1141 natura
1074 1110 1159 1140 tam
1182 1102 1338 1140 fervens

162 1166 222 1196 est
249 1165 294 1196 ut
313 1159 444 1196 inlitas
463 1165 598 1209 partes
616 1158 831 1195 exulceret.
885 1163 976 1194 tuso
989 1157 1004 1181 ³
1024 1160 1063 1193 in
1084 1156 1337 1206 perfrictione

162 1212 288 1249 fricari
323 1219 418 1250 ante
449 1212 608 1250 balinea
638 1214 837 1255 convenit,
870 1217 912 1248 et
944 1217 1039 1247 ante
1071 1213 1336 1246 accessionum

77 1271 133 1302 157
161 1266 374 1303 horrorem.
429 1266 620 1303 convolsis
657 1271 699 1302 et
733 1265 983 1308 torminibus,
1019 1264 1204 1314 podagris
1241 1266 1338 1299 mire

211 1369 221 1387 ¹
247 1368 464 1400 lassitudines
483 1369 610 1400 Hard.:
642 1367 861 1399 salsitudines
881 1367 970 1398 codd.

209 1411 222 1429 ²
246 1411 349 1442 datur
366 1411 450 1451 vulq.
467 1423 473 1443 :
504 1411 591 1442 aliae
608 1410 759 1442 lectiones
775 1414 956 1446 tractetur,
973 1414 1154 1444 troctetur,
1171 1408 1337 1440 tradetur.

167 1454 324 1495 Mayleoff
360 1453 471 1485 scribit
509 1453 739 1490 lassitudines,
778 1454 916 1484 omniuo
954 1456 1134 1487 tractetur,
1173 1462 1190 1481 e
1230 1451 1337 1482 melle.

166 1498 317 1528 Fortasse
343 1508 419 1528 cum
445 1497 544 1528 melle
570 1496 678 1527 malis.
727 1497 849 1527 Tascius
874 1500 918 1526 est
943 1500 1116 1534 corruptus
1143 1495 1197 1525 secl
1223 1503 1339 1525 sensus

165 1539 284 1571 claras.
330 1540 522 1571 Nervorum
543 1550 645 1570 causa
665 1544 700 1570 et
719 1540 753 1570 in
774 1539 1009 1569 contractione
1028 1537 1169 1578 difficile.

210 1583 222 1601 ³
245 1587 323 1613 tuso
338 1593 412 1614 cum
425 1582 550 1614 duobus
565 1583 655 1613 codd.
674 1582 848 1622 Maylaoff:
877 1582 964 1612 tussi
979 1591 1052 1611 cum
1071 1591 1134 1611 uno
1153 1579 1323 1620 Detlessen.

202 1705 216 1719 ‘²
241 1701 455 1741 Apparently
487 1701 675 1741 “cramp.’'
721 1700 830 1730 There
859 1700 886 1730 is
916 1699 1017 1730 much
1047 1702 1085 1729 to
1116 1698 1157 1729 be
1185 1698 1258 1728 said
1289 1698 1340 1728 for

157 1744 341 1784 Mayhoff’s
374 1744 668 1774 reconstruction:
718 1744 844 1773 “treat
877 1742 936 1773 the
972 1741 1062 1782 body
1097 1741 1141 1771 all
1174 1752 1256 1772 over
1289 1741 1340 1771 for

156 1787 325 1817 tiredness
355 1786 446 1817 etc.''
504 1787 576 1816 The
607 1791 634 1817 et
667 1796 745 1826 may
780 1785 842 1816 be:
889 1785 1008 1815 “even
1041 1784 1137 1815 when
1170 1784 1252 1824 they
1284 1794 1340 1814 are

160 1840 251 1860 cram
280 1829 358 1860 ed.”

207 1872 218 1891 ἱ)
241 1839 375 1911 ,ΒῗΧήχων
398 1871 486 1902 from
515 1870 699 1911 βληχῶμαι,
723 1870 943 1911 supposedly.
990 1869 1124 1910 Really,
1153 1868 1285 1908 βλήχων
1314 1870 1340 1898 is

159 1914 218 1945 the
241 1916 335 1945 Attio
356 1914 443 1945 form
465 1914 504 1944 of
521 1914 580 1944 the
602 1914 697 1944 Ionio
718 1913 861 1953 γλήχων,
883 1913 952 1943 and
974 1913 1017 1942 its
1034 1913 1236 1943 connection
1258 1911 1339 1942 with

161 1956 332 1997 βληχῶμαι
349 1958 376 1987 is
392 1967 435 1988 an
452 1958 607 1987 instance
624 1956 662 1986 of
677 1958 695 1968 '⁶
711 1956 856 1997 popular
872 1955 1107 1996 etymology?

169 2037 214 2067 90
