1469 2299
132 460 190 493 107

136 835 195 866 108

138 1369 196 1401 109

425 139 618 177 PLINY:
663 141 924 178 NATURAL
959 142 1190 179 HISTORY

218 247 450 285 tractamus,
475 244 660 291 quoniam
685 245 723 278 in
747 241 806 279 his
830 248 1014 279 naturam
1039 256 1124 279 esse
1148 250 1330 293 apparet,
1354 247 1392 280 in

218 295 290 332 illis
306 298 574 332 coniecturam
590 298 747 344 saepius
762 295 958 340 fallacem,
974 296 1068 333 nulli
1084 299 1178 333 satis
1194 298 1393 334 custodita

219 352 258 385 in
282 351 464 385 mixturis
489 349 695 386 concordia
723 355 888 386 naturae
914 363 958 386 ac
983 353 1260 400 repugnantia.
1316 365 1395 400 qua

218 403 268 439 de
291 415 331 438 re
354 416 445 439 mox
468 402 592 451 plura.

269 456 313 492 L.
345 456 432 492 Non
470 462 576 492 esset
613 455 738 491 mellis
776 459 991 492 auctoritas
1028 459 1067 492 in
1104 459 1232 505 pretio
1269 460 1395 493 minor

218 522 339 558 quam
360 509 508 552 laseris,
530 512 568 545 ni
590 510 737 558 ubique
760 515 1001 546 nasceretur.
1056 509 1151 546 illud
1172 512 1256 559 ipsa
1279 510 1393 547 fabri-

218 568 307 599 cata
322 565 371 599 sit
386 564 396 586 ¹
413 568 568 605 natura,
582 563 652 599 sed
667 562 756 599 huic
768 563 970 612 gignendo
984 563 1142 605 animal,
1155 569 1199 600 ut
1211 563 1395 607 diximus,

219 619 445 652 innumeros
487 616 536 652 ad
580 629 686 659 usus,
726 618 755 652 si
799 619 982 666 quotiens
1023 619 1237 654 misceatur
1279 619 1395 653 aesti-

220 683 386 706 memus.
442 672 568 718 prima
599 669 769 718 propolis
800 669 990 712 alvorum,
1022 670 1071 706 de
1103 683 1182 719 qua
1212 670 1395 714 diximus,

223 723 378 759 aculeos
420 728 461 759 et
501 725 633 759 omnia
673 723 794 759 infixa
832 726 983 772 corpori
1025 723 1213 767 extrahit,
1254 725 1397 760 tubera

220 776 395 819 discutit,
429 776 527 813 dura
561 779 785 825 concoquit,
818 776 972 813 dolores
1007 790 1213 813 nervorum
1248 777 1397 814 mulcet

221 830 433 879 ulceraque
457 832 534 866 iam
557 830 813 879 desperantia
835 832 1057 866 cicatricem
1081 830 1216 867 cludit.
1272 831 1396 867 mellis

221 883 384 933 quidem
407 886 528 932 ipsius
552 889 695 919 natura
718 883 807 920 talis
832 889 892 920 est
917 890 960 920 ut
983 889 1211 933 putrescere
1235 897 1397 933 corpora

222 950 299 973 non
334 939 451 980 sinat,
486 937 656 973 iucundo
691 950 830 986 sapore
865 943 987 986 atque
1022 950 1099 973 non
1134 950 1287 986 aspero,
1322 937 1398 974 alia

224 1004 344 1039 quam
370 990 459 1027 salis
486 996 642 1033 natura,
668 989 860 1032 faucibus,
882 990 1060 1031 tonsillis,
1081 993 1249 1040 anginae
1275 993 1396 1027 omni-

222 1044 375 1093 busque
408 1046 484 1080 oris
517 1043 721 1080 desideriis
754 1043 1018 1083 utilissimum,
1052 1046 1327 1094 arescentique
1358 1046 1398 1080 in

221 1096 398 1134 febribus
413 1097 585 1147 linguae,
598 1100 676 1134 iam
690 1110 782 1134 vero
795 1100 1167 1147 peripneumonicis,
1181 1097 1396 1146 pleuriticis

223 1150 447 1194 decoctum,
475 1153 572 1187 item
602 1151 842 1194 vulneribus,
870 1164 893 1186 a
920 1157 1107 1200 serpente
1136 1153 1328 1200 percussis
1357 1156 1399 1188 et

221 1210 359 1240 contra
388 1217 555 1247 venena,
584 1203 740 1254 fungos,
770 1204 996 1254 paralyticis
1025 1207 1064 1241 in
1092 1204 1232 1248 mulso,
1261 1218 1398 1254 quam-

222 1271 342 1307 quam
371 1271 466 1294 suae
496 1257 622 1295 mulso
651 1258 766 1295 dotes
795 1263 991 1294 constant.
1046 1257 1125 1294 mel
1155 1259 1314 1294 auribus
1343 1260 1398 1294 in-

224 1311 396 1348 stillatur
412 1325 502 1348 cum
519 1324 693 1355 rosaceo,
710 1311 846 1348 lendes
865 1317 907 1348 et
924 1310 1042 1348 foeda
1057 1314 1197 1360 capitis
1215 1311 1399 1348 animalia

222 1371 352 1401 necat.
409 1378 500 1401 usus
531 1365 757 1414 despumati
789 1378 947 1414 semper
977 1367 1119 1414 aptior,
1149 1364 1398 1402 stomachum

223 1424 360 1455 tamen
384 1418 510 1462 inflat,
532 1418 652 1455 bilem
677 1424 814 1469 auget,
838 1418 1042 1455 fastidium
1065 1424 1189 1462 creat,
1213 1424 1255 1455 et
1277 1418 1398 1455 oculis

223 1485 294 1522 per
335 1485 376 1508 se
419 1472 558 1509 inutile
601 1472 721 1521 aliqui
763 1473 1021 1516 arbitrantur,
1063 1485 1195 1509 rursus
1237 1472 1399 1522 quidam

224 1525 388 1575 angulos
432 1526 680 1563 exulceratos
722 1525 840 1562 melle
882 1527 993 1575 tangi
1035 1525 1218 1563 suadent.
1273 1525 1399 1562 mellis

223 1592 360 1616 causas
378 1585 501 1629 atque
518 1579 762 1616 differentias
779 1581 1042 1629 nationesque
1060 1584 1102 1616 et
1117 1578 1399 1616 indicationem

476 1682 486 1700 ¹
510 1682 556 1713 sit
571 1682 661 1713 codd.
677 1694 684 1712 :
714 1686 766 1713 est,
781 1681 866 1714 coni.
887 1681 1051 1723 Mayhoff.

272 1809 287 1826 ⁶
308 1805 370 1838 See
389 1807 403 1845 ἓ
421 1807 480 1837 117
501 1805 540 1837 of
554 1806 623 1837 this
644 1805 743 1837 book.

273 1848 287 1869 θ
307 1849 369 1881 See
386 1849 450 1880 XI.
468 1850 481 1888 ξ
499 1850 549 1880 ll.

271 1896 282 1910 ⁶
303 1892 365 1924 See
383 1892 446 1923 XI.
464 1893 477 1930 ξ
495 1893 545 1923 16.

269 1933 284 1953 ‘¹
305 1935 405 1966 Some
426 1935 507 1966 take
528 1934 565 1965 in
586 1933 692 1966 mulso
713 1934 795 1965 with
818 1933 1012 1974 paralyticis
1032 1933 1123 1975 only.
1169 1933 1241 1965 The
1262 1933 1402 1975 parallel

225 1988 368 2019 passage
400 1978 433 2008 in
466 1977 680 2008 Dioscorides
711 1976 759 2008 ΙΙ.
793 1978 834 2008 82
866 1976 1087 2017 (Wellmann)
1119 1976 1200 2008 does
1231 1980 1293 2008 not
1323 1976 1402 2018 help

225 2020 375 2051 towards
394 2020 453 2051 the
473 2023 604 2051 correct
622 2019 783 2051 decision.

227 2092 297 2128 370
