1469 2299
123 510 160 538 >57

124 918 163 946 88

125 1386 163 1415 89

393 108 580 146 PLINY:
622 107 884 145 NATURAL
919 107 1154 144 HISTORY

188 212 270 248 fieri
328 211 503 248 iudicans
561 216 602 248 et
659 213 936 261 purgationem
995 210 1162 246 feminis.
1217 209 1358 246 crudus

189 271 347 320 quidem
373 270 491 306 caulis
516 272 545 306 si
570 269 795 313 mandatur,
817 274 954 318 partus
978 281 1136 317 quoque
1160 274 1358 304 emortuos

190 329 311 378 pellit.
368 328 627 377 Apollodorus
689 327 874 364 adversus
936 326 1147 376 fungorum
1207 339 1357 362 venena

189 387 354 423 semen1
399 393 466 422 aut
514 399 650 423 sucum
697 385 914 422 bibendum
961 391 1111 429 censet,
1154 383 1358 421 Philistion

189 444 486 494 opisthotonicis
518 458 654 481 sucum
686 457 734 480 ex
765 443 868 480 lacte
899 446 1058 492 caprino
1088 456 1176 479 cum
1207 442 1288 479 sale
1318 449 1358 479 et

190 503 318 539 melle.
374 505 528 539 invenio
566 509 607 539 et
642 503 819 552 podagra
856 502 1042 538 liberatos
1081 501 1235 538 edendo
1272 514 1357 537 eam

189 562 457 610 decoctaeque
491 564 548 598 ius
581 560 766 598 bibendo.
821 560 894 597 hoc
928 567 967 596 et
1001 560 1188 596 cardiacis
1220 559 1358 596 datum

191 626 230 656 et
256 619 516 656 comitialibus
542 620 686 656 morbis
712 619 848 655 addito
873 618 968 663 sale,
993 621 1090 655 item
1115 618 1295 667 splenicis
1320 620 1359 654 in

191 681 278 714 vino
316 678 404 714 albo
444 691 514 726 per
546 677 629 714 dies
668 691 715 715 xi,
753 691 825 714 nec
859 691 937 714 non
970 679 1137 713 ictericis
1172 682 1213 713 et
1246 676 1358 726 phre-

190 739 340 772 neticis.
397 736 548 772 raucis²
586 736 731 772 crudae
769 749 904 772 sucum
939 735 1267 785 gargarizandum
1302 735 1356 771 bi-

189 795 444 844 bendumque
473 794 737 838 demonstrat,
763 800 901 830 contra
928 807 1019 830 vero
1048 793 1242 843 singultus
1271 807 1360 830 cum

191 853 394 889 coriandro
431 859 472 889 et
508 858 627 889 aneto
664 858 705 889 et
741 852 859 889 melle
895 865 939 888 ac
975 855 1111 901 pipere
1148 865 1196 888 ex
1233 858 1358 888 aceto.

192 911 342 947 inlitam
394 924 552 961 quoque
602 911 788 960 prodesse
839 910 1105 947 inflationibus
1155 909 1360 954 stomachi,

192 972 287 1006 item
331 973 575 1019 serpentium
618 970 759 1006 ictibus
804 975 845 1006 et
878 969 1042 1005 sordidis
1080 969 1274 1005 ulceribus
1317 982 1360 1006 ac

192 1030 371 1072 vetustis,
396 1028 456 1064 vel
481 1042 583 1077 aqua
609 1031 691 1077 ipsa
715 1042 804 1064 cum
828 1027 1037 1064 hordeacia
1062 1027 1200 1071 farina,
1225 1041 1360 1064 sucum

191 1100 239 1123 ex
261 1093 374 1123 aceto
394 1087 454 1123 vel
475 1100 563 1123 cum
585 1086 675 1123 feno
696 1086 859 1123 Graeco.
915 1089 967 1123 sic
988 1086 1107 1136 aliqui
1129 1092 1169 1122 et
1189 1086 1360 1122 articulis

191 1145 454 1195 podagrisque
510 1148 715 1194 inponunt.
772 1145 1018 1195 epinyctidas
1074 1150 1115 1181 et
1169 1144 1361 1194 quidquid

191 1203 296 1240 aliud
314 1207 436 1253 serpit
455 1207 494 1240 in
513 1216 673 1253 corpore
692 1206 863 1253 inposita
880 1203 999 1247 levat,
1018 1206 1116 1240 item
1133 1205 1360 1252 repentinas

190 1262 390 1312 caligines,
408 1262 478 1299 has
498 1268 539 1299 et
557 1265 588 1299 si
607 1262 807 1299 manditur
826 1275 874 1298 ex
894 1268 1022 1306 aceto,
1040 1262 1252 1312 suggillata
1269 1274 1361 1298 vero

193 1327 233 1357 et
268 1321 362 1357 alios
398 1321 536 1358 livores
572 1334 670 1370 pura
705 1321 830 1365 inlita,
864 1320 992 1370 lepras
1028 1326 1069 1357 et
1102 1333 1236 1370 psoras
1271 1334 1359 1357 cum

191 1379 363 1416 alumine
392 1380 562 1416 rotundo
592 1392 640 1416 ex
670 1385 796 1416 aceto.
851 1381 904 1415 sic
934 1385 975 1415 et
1004 1378 1172 1416 fluentes
1201 1378 1360 1428 capillos

191 1441 349 1474 retinet.
406 1437 662 1487 Epicharmus
699 1440 863 1475 testium
902 1443 942 1474 et
979 1437 1213 1488 genitalium
1249 1437 1360 1474 malis

191 1495 290 1532 hanc
320 1497 526 1533 utilissime
556 1499 702 1546 inponi,
731 1496 922 1533 efficacius
953 1496 1121 1532 eandem
1151 1509 1239 1532 cum
1269 1495 1360 1533 faba

191 1557 299 1599 trita,
344 1557 442 1592 item
486 1555 688 1599 convolsis,
732 1568 821 1592 cum
866 1561 956 1591 ruta
999 1561 1136 1591 contra
1180 1554 1359 1591 ardorem

193 1612 359 1650 febrium
398 1619 439 1650 et
475 1613 666 1651 stomachi
703 1615 812 1657 vitia,
849 1626 937 1650 cum
974 1619 1088 1650 rutae
1124 1615 1274 1650 semine
1310 1613 1359 1650 ad

240 1703 250 1721 ¹
277 1703 308 1733 H
311 1702 340 1734 ic
355 1703 513 1734 excidisse
529 1713 570 1733 ex
586 1707 684 1734 aceto
699 1702 747 1734 vel
762 1713 780 1733 e
795 1702 894 1734 melle
908 1703 993 1734 coni.
1011 1702 1173 1743 Mayhoff.

239 1744 252 1763 ²
275 1747 384 1777 raucis
401 1746 557 1786 Mayhoff
575 1750 603 1777 et
617 1746 727 1777 codd.:
756 1745 879 1776 radicis
901 1745 1075 1786 Detlefsen.
1120 1746 1165 1776 In
1186 1745 1276 1776 codd.
1298 1755 1359 1776 nec

197 1798 263 1818 non
301 1793 372 1828 post
404 1789 548 1819 ictericis
580 1788 805 1820 inveniuntur.
852 1790 919 1829 qu
949 1788 1151 1828 transposui,
1182 1788 1360 1819 secundum

198 1831 354 1871 Mayhoff
370 1831 546 1872 distinguo.

238 1930 252 1944 ⁰
274 1923 343 1955 The
364 1925 531 1956 cardiacus
551 1924 679 1956 morbus
701 1934 767 1955 was
790 1924 860 1955 also
881 1934 901 1955 a
923 1934 1004 1965 very
1024 1924 1151 1955 serious
1172 1923 1323 1961 ailment,
1339 1933 1359 1955 a

196 1967 277 1998 kind
294 1966 331 1998 of
343 1977 501 2008 syncope.

192 2039 235 2075 52
