1469 2299
435 149 628 185 PLINY:
674 149 934 185 NATURAL
968 148 1201 186 HISTORY

231 250 312 288 sale
346 257 388 288 et
421 251 538 300 adipe
573 251 622 288 ad
655 256 854 288 tumorem
887 263 1046 300 quoque
1078 251 1328 288 maxillarum
1362 258 1404 289 et

232 313 455 346 cervicium.

165 374 205 403 69
287 369 474 405 XXXIV.
506 368 696 405 Olearum
712 371 892 417 proxima
909 371 1125 404 auctoritas
1140 368 1401 419 intellegitur.

235 427 326 464 folia
359 440 496 463 earum
528 427 880 463 vehementissime
912 427 1182 477 adstringunt,
1213 433 1402 477 purgant,

234 488 393 522 sistunt.
451 489 588 535 itaque
627 485 960 522 commanducata
997 488 1169 534 inposita
1207 486 1403 523 ulceribus

234 544 449 580 medentur
495 551 535 580 et
580 547 721 593 capitis
766 544 966 580 doloribus
1011 544 1125 580 inlita
1168 557 1259 580 cum
1303 545 1403 588 oleo,

236 603 448 639 decoctum
470 616 605 639 eorum
623 616 711 639 cum
734 603 851 639 melle
872 605 916 639 iis
939 615 1042 652 quae
1058 602 1202 639 medici
1220 606 1404 647 usserint,

235 659 488 706 gingivarum
512 656 892 693 inflammationibus
917 662 957 692 et
980 655 1231 706 paronychiis
1254 657 1404 693 sordid-

235 713 348 759 isque
403 710 601 746 ulceribus
656 716 697 746 et
750 710 1087 759 putrescentibus.
1144 723 1234 746 cum
1286 710 1404 747 melle

234 771 439 818 sanguinis
475 768 712 817 profluvium
748 781 769 804 e
805 771 980 805 nervosis
1016 769 1196 817 partibus
1231 768 1403 806 cohibet.

166 833 204 863 ῖΟ
233 840 349 864 sucus
373 840 509 863 eorum
533 827 911 863 carbunculantibus
933 830 1035 863 circa
1055 827 1187 864 oculos
1209 827 1405 865 ulceribus

234 891 275 922 et
295 886 445 935 pusulis
467 886 772 935 procidentique
792 886 967 935 pupillae
988 886 1141 930 efficax,
1161 892 1405 936 quapropter

232 947 272 980 in
303 944 465 994 collyria
497 945 670 981 additur.
726 958 819 981 nam
851 950 893 980 et
922 950 1081 981 veteres
1111 944 1403 982 lacrimationes

234 1009 349 1040 sanat
393 1009 435 1039 et.
479 1017 675 1054 genarum
719 1005 930 1040 erosiones.
989 1006 1226 1052 exprimitur
1267 1010 1404 1041 autem

233 1075 348 1098 sucus
371 1065 470 1099 tusis
492 1062 634 1099 adfuso
655 1064 746 1099 vino
769 1068 809 1098 et
831 1075 936 1111 aqua
956 1062 1133 1106 caelesti,
1154 1065 1404 1113 siccatusque

234 1123 272 1157 in
291 1121 472 1170 pastillos
491 1121 700 1171 digeritur.
756 1123 861 1158 sistit
878 1134 1036 1158 menses
1054 1124 1094 1157 in
1112 1121 1203 1157 lana
1221 1121 1405 1159 admotus

233 1180 388 1224 vulvae,
404 1180 512 1216 utilis
528 1186 569 1216 et
583 1182 692 1216 sanie
706 1180 977 1224 manantibus,
990 1183 1089 1216 item
1101 1180 1404 1230 condylomatis,

234 1239 392 1289 ignibus
416 1242 534 1275 sacris
557 1251 742 1289 quaeque
765 1244 933 1288 serpunt
953 1239 1100 1283 ulcera,
1122 1239 1352 1290 epinyctidi.

168 1302 203 1332 71
290 1297 454 1334 XXXV.
486 1298 660 1334 Eosdem
700 1296 866 1334 effectus
905 1303 947 1334 et
984 1296 1054 1334 flos
1093 1310 1231 1335 earum
1268 1297 1403 1336 habet.

233 1362 406 1393 uruntur
425 1357 608 1393 cauliculi
629 1355 952 1400 exflorescentes,
971 1362 1017 1393 ut
1035 1359 1130 1393 cinis
1149 1357 1262 1407 spodi
1280 1360 1406 1394 vicem

234 1421 431 1464 praestet,
466 1418 640 1465 vinoque
676 1415 806 1452 infuso
840 1418 987 1452 iterum
1020 1418 1160 1452 uritur.
1215 1429 1406 1465 suppura-

233 1476 362 1511 tiones
383 1480 423 1511 et
443 1487 568 1523 panos
588 1474 761 1511 inlinunt
780 1477 913 1510 cinere
932 1487 979 1511 eo
997 1474 1060 1511 vel
1079 1473 1180 1511 foliis
1198 1478 1297 1512 tusis
1316 1488 1405 1512 cum

233 1533 366 1577 melle,
411 1533 546 1570 oculos
590 1546 684 1569 vero
728 1546 818 1569 cum
862 1533 1038 1582 polenta.
1094 1547 1210 1570 sucus
1252 1533 1405 1571 fruticis

241 1595 413 1628 recentis
442 1594 598 1628 accensi
626 1592 832 1629 destillans
860 1598 976 1628 sanat
1003 1591 1192 1636 lichenas,
1219 1592 1405 1637 furfures,

165 1655 204 1686 '12
230 1653 437 1687 manantia
459 1651 604 1687 ulcera.
661 1664 755 1687 nam
776 1651 938 1687 lacrima
961 1663 1064 1701 quae
1087 1664 1136 1688 ex
1158 1652 1299 1688 arbore
1319 1654 1405 1702 ipsa

232 1708 424 1753 destillat,
461 1709 727 1758 Aethiopicae
763 1712 938 1746 maxime
978 1709 1104 1753 oleae,
1140 1712 1273 1746 mirari
1308 1713 1404 1747 satis

273 1810 287 1824 ⁰
310 1806 365 1837 All
382 1806 508 1837 fibrous
525 1807 646 1837 tissues
663 1816 719 1837 are
737 1805 891 1836 included
911 1806 1017 1837 under
1034 1806 1133 1838 nervi.

272 1849 284 1868 ⁶
309 1850 368 1880 See
385 1859 442 1890 pp.
461 1850 579 1886 264-5,
597 1851 714 1885 384-5,
732 1849 799 1880 and
816 1851 884 1880 viii.

277 1898 289 1913 ⁶
313 1892 449 1922 cadmia
467 1898 559 1928 lerra,
575 1893 647 1922 zinc
663 1902 735 1923 ores
750 1892 837 1923 from
852 1892 993 1933 Cyprus,
1010 1902 1095 1932 gave
1109 1892 1156 1923 off
1171 1892 1267 1923 when
1281 1892 1404 1924 heated

229 1935 417 1966 zinc-oxide
434 1946 572 1975 vapour,
588 1935 696 1966 which
710 1934 834 1966 settled
847 1945 891 1966 on
905 1935 963 1966 the
978 1934 1054 1966 wall
1066 1935 1104 1966 of
1113 1935 1172 1966 the
1185 1935 1323 1967 furnace
1337 1936 1403 1967 and

230 1989 297 2009 was
313 1978 395 2009 then
412 1978 534 2009 known
552 1988 588 2008 as
603 1978 767 2018 spodium.

271 2020 286 2039 ¹¹
309 2021 379 2052 The
395 2031 475 2052 mm
491 2021 568 2052 here
584 2031 701 2052 means
719 2024 740 2037 “
751 2021 849 2052 but.'‘

228 2066 298 2111 460
