1469 2299
137 246 197 276 105

140 565 199 596 106

141 1100 200 1131 107

427 137 622 174 PLINY:
667 136 930 174 NATURAL
963 136 1197 173 HISTORY

279 239 382 276 LVI.
414 239 549 275 Citrea
569 245 708 276 contra
728 252 927 275 venenum
956 242 995 274 in
1015 241 1105 274 vino
1126 239 1319 274 bibuntur
1338 238 1398 274 vel

231 296 314 342 ipsa
347 293 407 329 vel
444 306 593 329 semen.
650 291 803 329 faciunt
836 295 911 328 oris
944 294 1201 335 suavitatem,
1234 292 1400 328 decocto

228 359 365 383 eorum
405 346 539 382 colluti
581 351 652 382 aut
691 359 784 382 suco
825 357 1026 394 expresso.
1082 344 1224 381 horum
1263 357 1400 381 semen

227 399 429 436 edendum
456 402 710 448 praecipiunt
730 402 769 435 in
795 399 963 435 malacia
989 398 1292 448 praegnatibus,
1315 400 1400 447 ipsa

227 466 320 489 vero
346 458 484 489 contra
510 452 788 488 infirmitatem
813 451 1023 494 stomachi,
1049 451 1120 488 sed
1146 465 1224 488 non
1250 453 1324 487 nisi
1351 464 1400 487 ex

228 512 343 543 aceto
365 506 552 542 facillime
573 505 832 542 manduntur.

281 559 407 596 LVII.
440 558 575 596 Punici
616 559 709 595 mali
750 571 892 595 novem
931 571 1082 608 genera
1121 571 1226 594 nunc
1265 560 1399 594 iterari

229 626 532 662 supervacuum.
590 625 639 649 ex
679 612 738 648 his
778 612 924 655 dulcia,
964 625 1068 661 quae
1108 625 1286 662 apyrena
1325 611 1401 647 alio

228 669 389 703 nomine
423 666 726 716 appellavimus,
758 665 964 702 stomacho
997 665 1153 702 inutilia
1185 664 1400 708 habentur,

230 719 455 756 inflationes
500 723 676 769 pariunt,
721 719 865 756 dentes
910 721 1174 769 gingivasque
1219 718 1400 762 laedunt,

229 787 333 823 quae
365 787 458 810 vero
490 774 540 809 ab
572 772 630 809 his
662 786 805 822 sapore
836 775 1017 822 proxima
1048 775 1184 808 vinosa
1214 772 1401 814 diximus,

229 840 394 876 parvum
432 827 617 863 nucleum
654 826 860 870 habentia,
897 826 1055 862 utiliora
1092 826 1210 874 paulo
1245 825 1401 862 intelle-

230 887 392 930 guntur.
451 880 583 916 alvum
621 883 770 916 sistunt
807 886 850 916 et
886 879 1151 923 stomachum,
1188 879 1404 915 dumtaxat

229 947 355 983 pauca
372 937 553 983 citraque
568 934 580 956 1
599 937 846 970 satietatem.
897 939 939 969 et
961 933 1059 969 haec
1075 935 1238 968 minime
1255 932 1401 975 danda,

231 1001 475 1037 quamquam
523 990 684 1023 omnino
739 987 860 1030 nulla,
900 990 955 1022 'in
1003 986 1117 1029 febri,
1165 999 1239 1022 nec
1285 998 1403 1022 carne

230 1044 432 1077 acinorum
462 1041 547 1077 utili
578 1053 651 1076 nec
680 1053 786 1077 suco.
842 1045 1036 1076 caventur
1064 1052 1193 1088 aeque
1221 1042 1403 1075 vomitio-

230 1095 345 1131 nibus
383 1108 426 1130 ac
462 1094 583 1131 bilem
621 1094 891 1130 reicientibus.
948 1106 1066 1130 uvam
1102 1096 1142 1129 in
1177 1092 1236 1129 his
1273 1105 1318 1129 ac
1352 1105 1404 1129 ne

230 1154 407 1184 mustum
428 1148 605 1197 quidem,
624 1148 694 1184 sed
713 1150 894 1197 protinus
912 1149 1048 1183 vinum
1068 1149 1226 1196 aperuit
1244 1151 1403 1189 natura,

230 1208 447 1251 utrumque
476 1204 675 1250 asperiore
704 1204 863 1237 cortice.
920 1200 982 1236 hic
1010 1201 1162 1236 acerbis
1190 1203 1230 1236 in
1257 1213 1404 1249 magno

230 1269 314 1292 usu.
372 1255 512 1305 vulgus
539 1258 643 1291 coria
665 1258 840 1291 maxime
861 1254 998 1303 perfici
1012 1253 1027 1277 2
1046 1254 1112 1290 illo
1133 1256 1264 1297 novit3
1293 1254 1344 1290 ob
1364 1253 1404 1289 id

230 1309 475 1345 malicorium
506 1309 714 1358 appellant
742 1308 898 1344 medici.
955 1310 1110 1344 urinam
1138 1309 1230 1343 cieri
1261 1307 1403 1343 eodem

231 1368 472 1405 monstrant,
523 1365 732 1412 mixtaque
782 1361 888 1412 galla
937 1364 978 1398 in
1027 1367 1143 1398 aceto
1192 1360 1403 1397 decoctum

229 1416 395 1453 mobiles
446 1416 590 1452 dentes
641 1415 833 1452 stabilire.
891 1417 1098 1464 expetitur
1146 1414 1403 1464 gravidarum

279 1510 290 1528 1
315 1511 467 1550 citraque
501 1510 602 1547 codd„
631 1509 816 1551 Dellefsen:
854 1509 1012 1550 ultraque
1045 1507 1207 1549 Mayhofs,
1243 1507 1299 1549 qui
1333 1512 1404 1549 post

232 1554 429 1584 satietatem
446 1558 603 1594 punctum
620 1564 681 1584 om.

280 1597 293 1615 ²
317 1595 430 1637 perfici
448 1596 617 1636 JIayhoff:
645 1595 775 1637 perficit
789 1595 877 1627 codd.

266 1705 280 1719 ⁴³
304 1701 384 1732 This
421 1705 557 1742 strange
595 1704 782 1732 statement
819 1701 846 1731 is
884 1711 964 1741 very
1002 1699 1146 1731 difficult
1182 1702 1219 1730 to
1255 1699 1402 1740 explain.

225 1744 332 1775 Citrea
348 1744 450 1784 (lime,
464 1744 586 1780 lemon,
601 1745 722 1783 citron)
736 1754 792 1775 are
804 1743 890 1780 aeid,
904 1744 969 1774 and
983 1744 1041 1774 the
1053 1743 1206 1774 addition
1220 1743 1258 1773 of
1267 1744 1404 1783 vinegar

225 1787 335 1818 would
366 1787 465 1818 make
493 1787 586 1818 them
617 1797 708 1818 more
736 1797 783 1818 SO.
832 1787 985 1827 Nothing
1013 1787 1039 1817 is
1067 1786 1187 1827 gained
1219 1786 1261 1826 by
1289 1786 1404 1827 giving

224 1831 344 1861 mando
361 1831 403 1861 its
419 1831 517 1861 strict
532 1841 638 1867 sense,
655 1835 692 1861 to
708 1836 764 1861 eat
782 1830 825 1870 by
843 1830 1002 1870 chewing.
1051 1828 1204 1869 Possibly
1222 1829 1319 1869 Pliny
1336 1839 1403 1859 was

226 1873 384 1914 thinking
402 1873 440 1904 of
453 1884 473 1904 a
492 1874 624 1914 variet-y
644 1873 726 1904 with
744 1884 763 1904 a
781 1873 888 1914 sickly
907 1877 1006 1903 taste.

273 1916 284 1935 b
308 1916 368 1948 See
388 1916 488 1947 XIII.
506 1916 522 1956 ξ
542 1917 611 1947 112.

273 1963 285 1978 ⁶
308 1959 369 1991 See
390 1959 449 1990 the
472 1970 564 1990 same
587 1958 911 1999 secti0n;d7⁷15p⁷7vos
934 1968 1050 1989 means
1067 1957 1211 1988 without
1233 1968 1253 1988 a
1277 1958 1401 1994 kemel,

224 2011 262 2033 or
278 2002 359 2033 with
375 2012 396 2033 a
411 2002 479 2033 soft
496 2012 570 2034 one.

226 2065 298 2109 484
