1469 2299
373 91 568 129 PLINY:
613 93 875 131 NATURAL
908 93 1144 131 HISTORY

171 205 276 242 quae
296 198 391 230 sunt
411 193 605 230 candidae
627 206 782 244 ungues
803 199 1007 230 vocantur.
1062 196 1101 230 in
1123 193 1218 231 flore
1240 194 1345 231 aliud

173 251 235 282 est
251 259 404 289 semen,
422 246 529 283 aliud
546 247 724 296 capillus,
741 249 781 283 in
797 250 930 296 capite
947 247 1054 283 aliud
1071 253 1223 291 cortex,
1240 248 1347 285 aliud

171 299 286 336 calix.
342 299 481 336 folium
503 302 673 337 siccatur
695 306 766 336 aut
788 301 916 337 tribus
938 301 1065 337 modis
1089 304 1347 350 exprimitur:

172 365 244 402 per
256 366 313 396 se,
327 366 418 390 cum
431 367 586 403 ungues
599 367 678 390 non
692 353 1065 390 detrahuntur—ibi
1082 357 1187 390 enim
1202 357 1347 391 umoris

172 406 512 455 plurimum—aut
533 420 623 444 cum
645 407 837 444 detractis
860 408 1060 457 unguibus
1083 408 1235 457 reliqua
1257 421 1347 457 pars

174 465 245 496 aut
276 459 364 497 oleo
397 466 468 497 aut
499 463 589 497 vino
620 466 848 497 maceratur
878 463 918 496 in
950 460 1032 497 sole
1064 464 1165 497 vasis
1198 464 1345 498 vitreis.

173 513 336 562 quidam
365 519 407 550 et
436 514 560 550 salem
589 514 825 558 admiscent,
853 514 1031 551 nonnulli
1061 520 1103 551 et
1131 514 1346 551 anchusam

171 572 242 603 aut
278 567 530 616 aspalathum
567 573 637 604 aut
671 570 832 604 iuncum
867 567 1093 611 odoratum,
1129 571 1223 617 quia
1257 568 1348 605 talis

172 623 346 657 maxime
398 621 562 670 prodest
611 621 753 657 vulvae
804 634 849 657 ac
899 621 1163 671 dysintericis.
1220 624 1349 671 expri-

172 679 337 710 muntur
373 674 516 711 eadem
552 673 646 711 folia
681 674 872 711 detractis
910 676 1110 724 unguibus
1145 678 1243 711 trita
1278 687 1350 724 per

172 726 341 763 linteum
369 730 539 777 spissum
565 730 606 763 in
634 740 797 764 aereum
826 741 906 771 vas,
934 728 1095 777 lenique
1123 731 1204 778 igni
1232 741 1348 765 sucus

173 783 371 830 coquitur,
409 781 536 818 donec
571 781 642 817 fiat
679 781 900 818 crassitudo
947 782 1086 818 mellis.
1153 782 1203 818 ad
1250 781 1349 818 haec

172 833 264 883 eligi
294 840 455 883 oportet
492 835 769 872 odoratissima
809 847 995 884 quaeque
1033 834 1138 871 folia.
1213 838 1347 872 vinum

174 888 374 936 quomodo
407 887 522 925 fieret
555 901 576 924 e
609 901 697 925 rosa
730 888 901 925 diximus
933 891 1039 925 inter
1071 901 1221 937 genera
1253 891 1348 925 vini.

176 954 269 977 usus
300 944 380 977 suci
415 942 465 978 ad
497 955 627 985 aures,
659 944 735 979 oris
768 942 914 985 ulcera,
945 945 1140 992 gingivas,
1172 942 1350 978 tonsillas

173 997 428 1044 gargarizati,
458 994 723 1039 stomachum,
754 995 903 1039 vulvas,
933 996 1038 1032 sedis
1069 998 1178 1039 vitia,
1208 998 1350 1045 capitis

173 1047 422 1084 dolores—in
458 1048 559 1085 febri
595 1062 665 1098 per
701 1061 744 1085 se
782 1049 844 1085 vel
881 1062 972 1085 cum
1010 1054 1350 1092 aceto—somnos,

174 1104 344 1138 nausias.
399 1101 493 1138 folia
524 1108 694 1139 uruntur
723 1104 764 1138 in
794 1101 1136 1151 calliblepharum,
1168 1108 1210 1139 et
1240 1105 1350 1139 siccis

174 1153 323 1191 femina
355 1155 664 1205 adsperguntur.
720 1155 930 1205 epiphoras
963 1168 1123 1205 quoque
1155 1156 1266 1192 arida
1297 1156 1351 1192 le-

173 1211 301 1245 niunt.
358 1208 428 1245 flos
464 1222 647 1246 somnum
684 1208 793 1253 facit,
829 1208 985 1245 inhibet
1021 1209 1230 1246 fluctiones
1266 1223 1351 1246 mu-

172 1261 328 1305 lierum,
357 1265 532 1299 maxime
562 1263 686 1305 albas,
710 1265 750 1299 in
779 1276 898 1312 posca
927 1269 1045 1312 potus
1077 1269 1118 1299 et
1147 1265 1350 1313 sanguinis

173 1318 462 1360 excreationes,
486 1315 680 1353 stomachi
711 1329 871 1366 Quoque
900 1316 1055 1353 dolores
1081 1316 1250 1367 cyathus
1268 1317 1282 1341 ¹
1310 1319 1350 1353 in

219 1386 231 1404 ¹
250 1386 402 1459 lcyathus
425 1386 612 1427 Detlessen:
651 1389 819 1427 quantum
843 1391 901 1418 aul
924 1390 1062 1418 tantum
1086 1387 1176 1418 codd.
1201 1387 1352 1418 Fortasse

178 1438 246 1469 pau
263 1440 331 1460 um.

219 1514 234 1528 ⁴⁸
257 1509 359 1540 From
380 1510 438 1540 the
461 1510 562 1541 white
583 1514 620 1541 at
639 1510 699 1540 the
720 1510 801 1541 base
821 1509 860 1540 of
876 1510 935 1541 the
955 1509 1084 1541 human
1104 1509 1185 1541 nail.

221 1552 233 1571 ⁶
256 1552 324 1583 For
336 1558 441 1584 cortex
453 1563 507 1583 see
521 1554 553 1592 ἓξ
570 1554 609 1584 14
623 1553 692 1583 and
706 1554 758 1584 20.
806 1553 859 1593 By
873 1564 981 1584 semen
995 1553 1095 1594 Pliny
1109 1553 1222 1593 surely
1236 1563 1353 1584 means

199 1595 299 1626 ollen.

174 1606 197 1637 p
220 1642 231 1656 ⁶
255 1638 296 1669 In
320 1638 389 1668 this
413 1638 556 1679 chapter
578 1638 679 1679 Pliny
704 1638 766 1669 has
789 1648 894 1678 many
919 1637 1042 1669 details
1065 1637 1173 1668 found
1197 1639 1231 1669 in
1255 1637 1352 1669 Dios-

174 1681 304 1712 corides
321 1681 349 1712 Ι.
367 1682 420 1717 99,
438 1681 501 1712 but
517 1680 603 1712 adds
619 1681 746 1712 others.
791 1681 1007 1712 Dioscorides
1022 1682 1115 1722 gives
1132 1691 1196 1711 one
1212 1680 1354 1712 method

174 1723 255 1764 only
274 1724 313 1754 of
326 1724 521 1765 extracting
538 1724 598 1755 the
617 1725 718 1764 juice,
736 1723 942 1765 apparently
960 1723 1020 1755 the
1037 1723 1143 1760 third,
1164 1723 1227 1755 but
1244 1726 1354 1755 states

174 1766 276 1797 fewer
294 1766 497 1807 partieulars
515 1766 601 1797 than
622 1767 733 1807 Pliny.

219 1809 234 1828 ‘¹
257 1809 318 1840 See
338 1809 434 1840 XIV.
454 1810 468 1848 §
486 1811 558 1840 106.

217 1854 228 1869 ⁶
251 1850 375 1882 καίεται
393 1851 427 1882 δὲ
445 1851 498 1883 καὶ
515 1851 559 1885 εἷς
576 1851 616 1882 τὰ
632 1850 884 1891 καλλιβλέφαρα.
931 1851 1045 1883 Diosc.

214 1892 230 1917 s
249 1893 331 1935 ξηρὰ
347 1893 381 1925 δὲ
397 1893 467 1925 λεία
484 1894 697 1934 παραμηρίοις
713 1893 964 1934 προσπάσσεται.
1011 1894 1125 1926 Diosc.

216 1942 230 1960 0
253 1937 334 1968 This
350 1937 571 1968 emendation
589 1938 628 1968 of
641 1937 817 1968 Detlefsen
834 1938 862 1968 is
879 1936 1049 1978 probably
1065 1937 1169 1978 right,
1186 1935 1354 1978 although

173 1979 357 2020 Mayhoff's
379 1980 561 2022 suggested
583 1980 767 2011 alteration
790 1983 828 2011 to
852 1980 966 2021 cyatho
988 1980 1016 2011 is
1038 1980 1237 2011 attractive.
1281 1979 1354 2011 The

179 2034 249 2073 250
