1469 2299
80 218 138 249 125

81 697 138 728 126

83 1071 138 1101 127

81 1551 137 1583 128

368 109 561 146 PLINY:
607 110 868 148 NATURAL
902 110 1136 148 HISTORY

165 214 350 255 arteriae,
386 214 481 248 tussi
519 224 609 248 cum
644 214 804 261 caprino
840 212 935 248 sebo
971 218 1041 249 aut
1077 213 1233 262 butyro.
1289 226 1338 249 ex

165 265 256 301 feno
296 266 448 301 Graeco
487 265 714 301 mollissima
752 267 927 301 omnium
966 265 1098 302 ulcera
1135 269 1339 302 manantia

165 324 281 355 sanat
311 324 352 355 et
382 318 552 355 furfures
582 321 767 368 corporis,
797 317 987 355 stomachi
1019 319 1186 362 dolores,
1216 320 1338 369 pedes

167 377 209 408 et
233 385 426 408 mammas
450 385 539 408 cum
566 374 655 408 vino
681 377 722 408 et
748 374 851 408 nitro
875 378 999 408 cocta.
1055 375 1189 408 aerina
1213 376 1339 423 magis

165 428 308 462 ceteris
346 431 492 475 purgat
528 425 660 462 ulcera
699 431 835 461 vetera
872 432 913 461 et
950 439 1213 475 gangraenas,
1250 440 1339 463 cum

164 477 342 528 raphano
362 485 403 515 et
422 479 503 515 sale
523 484 564 515 et
584 484 698 515 aceto
717 478 904 522 lichenas,
924 478 1052 528 lepras
1071 492 1161 516 cum
1180 479 1340 529 sulpure

165 535 266 576 vivo,
293 538 333 568 et
359 535 498 581 capitis
524 532 678 569 dolores
703 545 793 568 cum
819 532 936 581 adipe
962 535 1144 569 anserino
1169 535 1340 582 inposita

165 585 298 622 fronti.
354 591 524 622 strumas
578 591 619 622 et
670 599 793 635 panos
845 588 1056 635 concoquit
1107 599 1196 622 cum
1249 587 1340 624 fimo

165 639 390 675 columbino
418 645 458 675 et
484 639 550 675 lini
578 642 728 676 semine
755 639 921 676 decocta
946 642 985 675 in
1012 642 1113 676 vino.

218 692 322 728 LIX.
354 693 416 729 De
441 692 628 741 polentae
652 693 866 742 generibus
890 695 928 728 in
954 692 1113 743 frugum
1138 692 1221 729 loco
1245 696 1340 730 satis

167 745 350 782 diximus.
405 746 647 782 medicorum
674 748 829 783 ratione
855 759 878 782 a
904 745 1029 782 farina
1054 745 1189 783 hordei
1218 747 1341 784 distat

167 811 214 835 eo
233 799 339 848 quod
358 804 545 842 torretur,
565 800 615 836 ob
634 800 673 836 id
691 799 895 836 stomacho
914 800 1032 836 utilis.
1088 800 1218 836 alvum
1237 802 1341 837 sistit

166 855 421 902 impetusque
447 853 653 889 rubicundi
680 855 858 896 tumoris,
886 858 927 889 et
952 853 1072 889 oculis
1097 853 1275 890 inlinitur
1300 859 1342 890 et

166 909 306 955 capitis
327 906 449 943 dolori
470 920 559 942 cum
579 912 716 943 menta
737 912 805 942 aut
826 907 901 942 alia
921 906 1184 956 refrigerante
1204 906 1340 951 herba,

166 962 264 996 item
282 961 536 1009 pernionibus
555 966 596 996 et
613 962 860 1009 serpentium
876 959 1015 1010 plagis,
1033 963 1131 996 item
1148 961 1340 998 ambustis

166 1026 213 1049 ex
241 1015 344 1056 vino,
370 1013 605 1063 inhibetque
630 1013 802 1062 pusulas.

218 1066 301 1103 LX.
333 1067 473 1103 Farina
507 1069 544 1102 in
577 1067 765 1116 pollinem
796 1067 962 1103 subacta
995 1069 1071 1103 vim
1105 1066 1340 1104 extrahendi

168 1122 313 1156 umoris
334 1119 458 1157 habet
478 1120 578 1157 adeo
600 1126 644 1157 ut
663 1133 801 1157 cruore
822 1119 976 1157 suffusis
996 1122 1035 1156 in
1056 1119 1195 1156 fascias
1216 1134 1341 1170 usque

165 1176 399 1223 sanguinem
419 1174 626 1223 perducat,
646 1174 840 1210 efficacius
858 1176 897 1210 in
917 1187 1024 1223 sapa.
1079 1176 1281 1223 inponitur
1300 1180 1342 1212 et

167 1227 314 1275 pedum
351 1227 449 1264 callo
484 1227 695 1277 clavisque.
750 1241 842 1264 nam
877 1240 966 1264 cum
1002 1227 1089 1263 oleo
1124 1233 1261 1264 vetere
1296 1241 1341 1265 ac

168 1283 253 1329 pice
274 1281 439 1318 decocto
459 1281 604 1330 polline
625 1281 905 1331 condylomata
926 1286 967 1317 et
987 1281 1063 1316 alia
1083 1283 1215 1317 onmia
1234 1281 1338 1318 sedis

166 1336 262 1370 vitia
302 1348 421 1384 quam
461 1337 635 1371 maxime
674 1334 801 1371 calido
840 1334 1059 1371 mirabilem
1101 1337 1139 1370 in
1179 1335 1341 1372 modum

165 1393 366 1424 curantur.
421 1388 532 1437 pulte
549 1401 689 1438 corpus
706 1394 889 1438 augetur.
943 1387 1069 1424 farina
1085 1401 1164 1437 qua
1179 1387 1341 1425 chartae

164 1441 415 1490 glutinantur
453 1444 687 1491 sanguinem
729 1442 1007 1478 excreantibus
1047 1441 1166 1478 datur
1203 1442 1341 1492 tepida

166 1495 362 1531 sorbenda
388 1495 610 1531 efficaciter.

215 1548 320 1585 LXI.
351 1549 463 1585 Alica
490 1562 551 1585 res
572 1550 750 1585 Romana
771 1554 832 1585 est
853 1554 894 1585 et
913 1561 991 1585 non
1011 1548 1165 1598 pridem
1185 1552 1339 1599 excogi-

212 1707 226 1722 a
249 1703 315 1734 For
337 1704 473 1743 bntyron
494 1714 549 1734 see
573 1703 669 1743 XI.§
692 1704 755 1734 239
777 1703 844 1734 and
869 1702 1072 1743 XXV111.§
1097 1704 1168 1734 133.

215 1746 226 1765 ὸ
249 1746 315 1777 For
329 1746 445 1786 furfur
465 1746 581 1786 (seius,
602 1746 774 1783 dandruff,
791 1746 1003 1782 seborrhoea,
1021 1749 1102 1785 etc.)
1121 1757 1175 1776 see
1195 1746 1341 1787 Spencer

169 1799 211 1820 on
237 1789 352 1820 Celsus
377 1789 435 1820 VI.
462 1790 491 1820 2.

215 1838 226 1851 ⁶
249 1834 309 1863 See
328 1832 460 1862 XVIII.
477 1831 493 1871 ξ
511 1833 562 1862 72.

212 1875 225 1893 ‘¹
250 1875 315 1905 For
338 1874 528 1915 condyloma
554 1878 587 1915 (a
612 1874 903 1915 knuckle-shaped
927 1874 1076 1914 swelling
1101 1875 1133 1904 in
1158 1874 1217 1905 the
1240 1883 1339 1913 anus)

169 1928 222 1947 see
243 1918 356 1948 Celsus
378 1917 416 1948 V.
438 1918 490 1955 28,
511 1918 555 1948 213
576 1917 657 1948 with
678 1917 854 1958 Speneer‘s
872 1920 963 1954 note,
983 1916 1049 1947 and
1073 1919 1152 1947 note
1174 1926 1215 1947 on
1239 1917 1338 1949 XXI.

169 1960 262 1998 §142
279 1962 326 2000 (p.
346 1960 435 1998 264).

163 2049 234 2095 384
