<?xml version="1.0" encoding="UTF-8"?>
<!DOCTYPE html PUBLIC "-//W3C//DTD XHTML 1.0 Transitional//EN"
    "http://www.w3.org/TR/xhtml1/DTD/xhtml1-transitional.dtd">
<html xmlns="http://www.w3.org/1999/xhtml" xml:lang="en" lang="en">
 <head>
  <title>
</title>
<meta http-equiv="Content-Type" content="text/html;charset=utf-8" />
  <meta name='ocr-system' content='tesseract 3.04.00' />
  <meta name='ocr-capabilities' content='ocr_page ocr_carea ocr_par ocr_line ocrx_word'/>
</head>
<body>
  <div class='ocr_page' id='page_1' title='image "./naturalhistory06plinuoft/naturalhistory06plinuoft_0544.png"; bbox 0 0 1469 2299; ppageno 0'>
   <div class='ocr_carea' id='block_1_1' title="bbox 387 133 1157 171">
    <p class='ocr_par' dir='ltr' id='par_1_1' title="bbox 387 133 1157 171">
     <span class='ocr_line' id='line_1_1' title="bbox 387 133 1157 171; baseline -0.001 -1"><span class='ocrx_word' id='word_1_1' title='bbox 387 134 581 171; x_wconf 83' lang='lat' dir='ltr'>PLINY:</span> <span class='ocrx_word' id='word_1_2' title='bbox 627 134 888 171; x_wconf 88' lang='lat' dir='ltr'><strong>NATURAL</strong></span> <span class='ocrx_word' id='word_1_3' title='bbox 921 133 1157 171; x_wconf 87' lang='lat' dir='ltr'>HISTORY</span> 
     </span>
    </p>
   </div>
   <div class='ocr_carea' id='block_1_2' title="bbox 105 236 1362 1501">
    <p class='ocr_par' dir='ltr' id='par_1_2' title="bbox 190 236 1356 392">
     <span class='ocr_line' id='line_1_2' title="bbox 190 236 1356 279; baseline -0.002 -7"><span class='ocrx_word' id='word_1_4' title='bbox 190 236 424 279; x_wconf 84' lang='lat' dir='ltr'><strong>inferentes,</strong></span> <span class='ocrx_word' id='word_1_5' title='bbox 457 236 719 272; x_wconf 74' lang='lat' dir='ltr'><strong>tussientibus</strong></span> <span class='ocrx_word' id='word_1_6' title='bbox 749 237 947 279; x_wconf 87' lang='lat' dir='ltr'><strong>inimicae,</strong></span> <span class='ocrx_word' id='word_1_7' title='bbox 979 237 1184 271; x_wconf 87' lang='lat' dir='ltr'><strong>vomituris</strong></span> <span class='ocrx_word' id='word_1_8' title='bbox 1216 237 1356 271; x_wconf 87' lang='lat' dir='ltr'><strong>ieiunis</strong></span> 
     </span>
     <span class='ocr_line' id='line_1_3' title="bbox 191 285 1356 338; baseline -0.003 -12"><span class='ocrx_word' id='word_1_9' title='bbox 191 296 325 338; x_wconf 86' lang='lat' dir='ltr'><strong>aptae,</strong></span> <span class='ocrx_word' id='word_1_10' title='bbox 373 295 572 333; x_wconf 78' lang='lat' dir='ltr'><strong>tenesmo,</strong></span> <span class='ocrx_word' id='word_1_11' title='bbox 620 288 735 332; x_wconf 89' lang='lat' dir='ltr'><strong>colo,l</strong></span> <span class='ocrx_word' id='word_1_12' title='bbox 784 288 952 325; x_wconf 86' lang='lat' dir='ltr'><strong>trahunt</strong></span> <span class='ocrx_word' id='word_1_13' title='bbox 1000 291 1106 324; x_wconf 89' lang='lat' dir='ltr'><strong>enim</strong></span> <span class='ocrx_word' id='word_1_14' title='bbox 1154 285 1356 337; x_wconf 87' lang='lat' dir='ltr'><strong>pituitam.</strong></span> 
     </span>
     <span class='ocr_line' id='line_1_4' title="bbox 191 341 1354 392; baseline -0.002 -13"><span class='ocrx_word' id='word_1_15' title='bbox 191 343 333 379; x_wconf 87' lang='lat' dir='ltr'><strong>eadem</strong></span> <span class='ocrx_word' id='word_1_16' title='bbox 360 348 645 392; x_wconf 82' lang='lat' dir='ltr'><strong>praesumptae</strong></span> <span class='ocrx_word' id='word_1_17' title='bbox 673 355 827 378; x_wconf 84' lang='lat' dir='ltr'><strong>venena</strong></span> <span class='ocrx_word' id='word_1_18' title='bbox 854 341 1066 384; x_wconf 88' lang='lat' dir='ltr'><strong>habetant,</strong></span> <span class='ocrx_word' id='word_1_19' title='bbox 1092 343 1191 377; x_wconf 87' lang='lat' dir='ltr'><strong>item</strong></span> <span class='ocrx_word' id='word_1_20' title='bbox 1219 341 1354 377; x_wconf 88' lang='lat' dir='ltr'><strong>adver-</strong></span> 
     </span>
    </p>

    <p class='ocr_par' dir='ltr' id='par_1_3' title="bbox 106 396 1360 1032">
     <span class='ocr_line' id='line_1_5' title="bbox 106 396 1354 445; baseline -0.002 -13"><span class='ocrx_word' id='word_1_21' title='bbox 106 402 162 432; x_wconf 73' lang='lat'><strong>148</strong></span> <span class='ocrx_word' id='word_1_22' title='bbox 190 403 329 432; x_wconf 85' lang='lat' dir='ltr'><strong>santur</strong></span> <span class='ocrx_word' id='word_1_23' title='bbox 363 399 470 445; x_wconf 88' lang='lat' dir='ltr'><strong>cepis</strong></span> <span class='ocrx_word' id='word_1_24' title='bbox 506 396 743 444; x_wconf 86' lang='lat' dir='ltr'><strong>leniuntque</strong></span> <span class='ocrx_word' id='word_1_25' title='bbox 778 409 915 431; x_wconf 88' lang='lat' dir='ltr'><strong>earum</strong></span> <span class='ocrx_word' id='word_1_26' title='bbox 951 407 1145 443; x_wconf 89' lang='lat' dir='ltr'><strong>saporem.</strong></span> <span class='ocrx_word' id='word_1_27' title='bbox 1201 397 1354 430; x_wconf 85' lang='lat' dir='ltr'><strong>aurium</strong></span> 
     </span>
     <span class='ocr_line' id='line_1_6' title="bbox 190 448 1359 498; baseline -0.002 -13"><span class='ocrx_word' id='word_1_28' title='bbox 190 449 493 486; x_wconf 87' lang='lat' dir='ltr'><strong>inflammationi</strong></span> <span class='ocrx_word' id='word_1_29' title='bbox 512 452 772 498; x_wconf 90' lang='lat' dir='ltr'><strong>inponuntur,</strong></span> <span class='ocrx_word' id='word_1_30' title='bbox 790 462 880 485; x_wconf 89' lang='lat' dir='ltr'><strong>cum</strong></span> <span class='ocrx_word' id='word_1_31' title='bbox 899 448 1024 484; x_wconf 89' lang='lat' dir='ltr'><strong>mellis</strong></span> <span class='ocrx_word' id='word_1_32' title='bbox 1044 450 1190 498; x_wconf 82' lang='lat' dir='ltr'><strong>exiguo</strong></span> <span class='ocrx_word' id='word_1_33' title='bbox 1209 453 1251 484; x_wconf 85' lang='lat' dir='ltr'><strong>et</strong></span> <span class='ocrx_word' id='word_1_34' title='bbox 1268 453 1359 483; x_wconf 83' lang='lat' dir='ltr'><strong>ruta</strong></span> 
     </span>
     <span class='ocr_line' id='line_1_7' title="bbox 190 501 1359 551; baseline -0.003 -12"><span class='ocrx_word' id='word_1_35' title='bbox 190 505 372 539; x_wconf 88' lang='lat' dir='ltr'><strong>mammis</strong></span> <span class='ocrx_word' id='word_1_36' title='bbox 412 509 454 539; x_wconf 88' lang='lat' dir='ltr'><strong>et</strong></span> <span class='ocrx_word' id='word_1_37' title='bbox 492 503 653 545; x_wconf 83' lang='lat' dir='ltr'><strong>luxatis,</strong></span> <span class='ocrx_word' id='word_1_38' title='bbox 693 504 863 551; x_wconf 84' lang='lat' dir='ltr'><strong>anginae</strong></span> <span class='ocrx_word' id='word_1_39' title='bbox 901 515 991 538; x_wconf 91' lang='lat' dir='ltr'><strong>cum</strong></span> <span class='ocrx_word' id='word_1_40' title='bbox 1029 507 1120 537; x_wconf 85' lang='lat' dir='ltr'><strong>ruta</strong></span> <span class='ocrx_word' id='word_1_41' title='bbox 1159 506 1201 537; x_wconf 87' lang='lat' dir='ltr'><strong>et</strong></span> <span class='ocrx_word' id='word_1_42' title='bbox 1240 501 1359 544; x_wconf 86' lang='lat' dir='ltr'><strong>oleo‚2</strong></span> 
     </span>
     <span class='ocr_line' id='line_1_8' title="bbox 190 553 1358 606; baseline -0.002 -14"><span class='ocrx_word' id='word_1_43' title='bbox 190 570 279 592; x_wconf 88' lang='lat' dir='ltr'><strong>cum</strong></span> <span class='ocrx_word' id='word_1_44' title='bbox 305 569 404 606; x_wconf 89' lang='lat' dir='ltr'><strong>cepa</strong></span> <span class='ocrx_word' id='word_1_45' title='bbox 430 562 565 592; x_wconf 89' lang='lat' dir='ltr'><strong>autem</strong></span> <span class='ocrx_word' id='word_1_46' title='bbox 593 562 635 592; x_wconf 89' lang='lat' dir='ltr'><strong>et</strong></span> <span class='ocrx_word' id='word_1_47' title='bbox 659 555 741 592; x_wconf 91' lang='lat' dir='ltr'><strong>sale</strong></span> <span class='ocrx_word' id='word_1_48' title='bbox 767 561 808 592; x_wconf 89' lang='lat' dir='ltr'><strong>et</strong></span> <span class='ocrx_word' id='word_1_49' title='bbox 833 555 951 591; x_wconf 91' lang='lat' dir='ltr'><strong>melle</strong></span> <span class='ocrx_word' id='word_1_50' title='bbox 976 557 1083 591; x_wconf 87' lang='lat' dir='ltr'><strong>canis</strong></span> <span class='ocrx_word' id='word_1_51' title='bbox 1108 553 1358 603; x_wconf 90' lang='lat' dir='ltr'><strong>hominisque</strong></span> 
     </span>
     <span class='ocr_line' id='line_1_9' title="bbox 191 607 1355 659; baseline -0.002 -14"><span class='ocrx_word' id='word_1_52' title='bbox 191 612 349 646; x_wconf 87' lang='lat' dir='ltr'><strong>morsui.</strong></span> <span class='ocrx_word' id='word_1_53' title='bbox 404 612 613 659; x_wconf 83' lang='lat' dir='ltr'><strong>putamine</strong></span> <span class='ocrx_word' id='word_1_54' title='bbox 667 611 777 645; x_wconf 91' lang='lat' dir='ltr'><strong>nucis</strong></span> <span class='ocrx_word' id='word_1_55' title='bbox 831 608 1029 657; x_wconf 87' lang='lat' dir='ltr'><strong>iuglandis</strong></span> <span class='ocrx_word' id='word_1_56' title='bbox 1083 607 1182 644; x_wconf 92' lang='lat' dir='ltr'><strong>dens</strong></span> <span class='ocrx_word' id='word_1_57' title='bbox 1236 620 1355 643; x_wconf 90' lang='lat' dir='ltr'><strong>cavus</strong></span> 
     </span>
     <span class='ocr_line' id='line_1_10' title="bbox 191 660 1360 712; baseline -0.003 -13"><span class='ocrx_word' id='word_1_58' title='bbox 191 666 374 699; x_wconf 87' lang='lat' dir='ltr'><strong>inuritur.</strong></span> <span class='ocrx_word' id='word_1_59' title='bbox 430 668 623 712; x_wconf 79' lang='lat' dir='ltr'><strong>putamen</strong></span> <span class='ocrx_word' id='word_1_60' title='bbox 657 663 910 698; x_wconf 86' lang='lat' dir='ltr'><strong>combustum</strong></span> <span class='ocrx_word' id='word_1_61' title='bbox 943 664 1165 710; x_wconf 84' lang='lat' dir='ltr'><strong>tritumque</strong></span> <span class='ocrx_word' id='word_1_62' title='bbox 1198 663 1239 696; x_wconf 92' lang='lat' dir='ltr'><strong>in</strong></span> <span class='ocrx_word' id='word_1_63' title='bbox 1272 660 1360 697; x_wconf 91' lang='lat' dir='ltr'><strong>oleo</strong></span> 
     </span>
     <span class='ocr_line' id='line_1_11' title="bbox 191 713 1358 764; baseline -0.003 -12"><span class='ocrx_word' id='word_1_64' title='bbox 191 723 261 752; x_wconf 86' lang='lat' dir='ltr'><strong>aut</strong></span> <span class='ocrx_word' id='word_1_65' title='bbox 284 719 374 752; x_wconf 81' lang='lat' dir='ltr'><strong>vino</strong></span> <span class='ocrx_word' id='word_1_66' title='bbox 396 716 611 752; x_wconf 87' lang='lat' dir='ltr'><strong>infantium</strong></span> <span class='ocrx_word' id='word_1_67' title='bbox 634 718 767 764; x_wconf 85' lang='lat' dir='ltr'><strong>capite</strong></span> <span class='ocrx_word' id='word_1_68' title='bbox 790 721 984 764; x_wconf 88' lang='lat' dir='ltr'><strong>peruncto</strong></span> <span class='ocrx_word' id='word_1_69' title='bbox 1007 717 1135 750; x_wconf 84' lang='lat' dir='ltr'><strong>nutrit</strong></span> <span class='ocrx_word' id='word_1_70' title='bbox 1157 713 1358 762; x_wconf 85' lang='lat' dir='ltr'><strong>capillum,</strong></span> 
     </span>
     <span class='ocr_line' id='line_1_12' title="bbox 191 768 1359 818; baseline -0.003 -12"><span class='ocrx_word' id='word_1_71' title='bbox 191 776 233 806; x_wconf 88' lang='lat' dir='ltr'><strong>et</strong></span> <span class='ocrx_word' id='word_1_72' title='bbox 255 783 301 806; x_wconf 88' lang='lat' dir='ltr'><strong>eo</strong></span> <span class='ocrx_word' id='word_1_73' title='bbox 317 769 332 792; x_wconf 83' lang='lat'><strong>3</strong></span> <span class='ocrx_word' id='word_1_74' title='bbox 353 769 403 806; x_wconf 92' lang='lat' dir='ltr'><strong>ad</strong></span> <span class='ocrx_word' id='word_1_75' title='bbox 418 770 434 793; x_wconf 84' lang='lat'><strong>⁴¹</strong></span> <span class='ocrx_word' id='word_1_76' title='bbox 457 770 653 818; x_wconf 86' lang='lat' dir='ltr'><strong>alopecias</strong></span> <span class='ocrx_word' id='word_1_77' title='bbox 674 772 728 805; x_wconf 91' lang='lat' dir='ltr'><strong>sic</strong></span> <span class='ocrx_word' id='word_1_78' title='bbox 750 774 930 804; x_wconf 88' lang='lat' dir='ltr'><strong>utuntur.</strong></span> <span class='ocrx_word' id='word_1_79' title='bbox 986 781 1064 817; x_wconf 91' lang='lat' dir='ltr'><strong>quo</strong></span> <span class='ocrx_word' id='word_1_80' title='bbox 1084 768 1218 816; x_wconf 81' lang='lat' dir='ltr'><strong>plures</strong></span> <span class='ocrx_word' id='word_1_81' title='bbox 1239 780 1359 803; x_wconf 90' lang='lat' dir='ltr'><strong>nuces</strong></span> 
     </span>
     <span class='ocr_line' id='line_1_13' title="bbox 191 821 1358 872; baseline -0.003 -13"><span class='ocrx_word' id='word_1_82' title='bbox 191 826 278 872; x_wconf 88' lang='lat' dir='ltr'><strong>quis</strong></span> <span class='ocrx_word' id='word_1_83' title='bbox 312 823 442 859; x_wconf 86' lang='lat' dir='ltr'><strong>ederit</strong></span> <span class='ocrx_word' id='word_1_84' title='bbox 474 822 547 859; x_wconf 94' lang='lat' dir='ltr'><strong>hoc</strong></span> <span class='ocrx_word' id='word_1_85' title='bbox 581 822 732 858; x_wconf 86' lang='lat' dir='ltr'><strong>facilius</strong></span> <span class='ocrx_word' id='word_1_86' title='bbox 765 824 920 858; x_wconf 85' lang='lat' dir='ltr'><strong>taenias</strong></span> <span class='ocrx_word' id='word_1_87' title='bbox 952 821 1078 870; x_wconf 90' lang='lat' dir='ltr'><strong>pellit.</strong></span> <span class='ocrx_word' id='word_1_88' title='bbox 1135 833 1238 869; x_wconf 90' lang='lat' dir='ltr'><strong>quae</strong></span> <span class='ocrx_word' id='word_1_89' title='bbox 1272 833 1358 869; x_wconf 86' lang='lat' dir='ltr'><strong>per-</strong></span> 
     </span>
     <span class='ocr_line' id='line_1_14' title="bbox 191 873 1358 925; baseline -0.003 -12"><span class='ocrx_word' id='word_1_90' title='bbox 191 882 349 913; x_wconf 69' lang='lat' dir='ltr'><strong>veteres</strong></span> <span class='ocrx_word' id='word_1_91' title='bbox 402 882 496 913; x_wconf 87' lang='lat' dir='ltr'><strong>sunt</strong></span> <span class='ocrx_word' id='word_1_92' title='bbox 548 889 669 912; x_wconf 85' lang='lat' dir='ltr'><strong>nuces</strong></span> <span class='ocrx_word' id='word_1_93' title='bbox 721 877 961 925; x_wconf 83' lang='lat' dir='ltr'><strong>gangraenis</strong></span> <span class='ocrx_word' id='word_1_94' title='bbox 1015 880 1057 910; x_wconf 88' lang='lat' dir='ltr'><strong>et</strong></span> <span class='ocrx_word' id='word_1_95' title='bbox 1108 873 1358 910; x_wconf 88' lang='lat' dir='ltr'><strong>carbunculis</strong></span> 
     </span>
     <span class='ocr_line' id='line_1_15' title="bbox 191 927 1359 978; baseline -0.003 -12"><span class='ocrx_word' id='word_1_96' title='bbox 191 930 419 973; x_wconf 86' lang='lat' dir='ltr'><strong>medentur,</strong></span> <span class='ocrx_word' id='word_1_97' title='bbox 473 933 571 966; x_wconf 89' lang='lat' dir='ltr'><strong>item</strong></span> <span class='ocrx_word' id='word_1_98' title='bbox 626 929 863 978; x_wconf 78' lang='lat' dir='ltr'><strong>suggillatis,</strong></span> <span class='ocrx_word' id='word_1_99' title='bbox 918 933 1055 964; x_wconf 87' lang='lat' dir='ltr'><strong>cortex</strong></span> <span class='ocrx_word' id='word_1_100' title='bbox 1110 927 1359 977; x_wconf 85' lang='lat' dir='ltr'><strong>iuglandium</strong></span> 
     </span>
     <span class='ocr_line' id='line_1_16' title="bbox 192 981 1359 1032; baseline -0.003 -13"><span class='ocrx_word' id='word_1_101' title='bbox 192 983 390 1019; x_wconf 84' lang='lat' dir='ltr'><strong>lichenum</strong></span> <span class='ocrx_word' id='word_1_102' title='bbox 416 986 511 1019; x_wconf 80' lang='lat' dir='ltr'><strong>vitio</strong></span> <span class='ocrx_word' id='word_1_103' title='bbox 537 989 579 1019; x_wconf 88' lang='lat' dir='ltr'><strong>et</strong></span> <span class='ocrx_word' id='word_1_104' title='bbox 603 982 868 1032; x_wconf 76' lang='lat' dir='ltr'><strong>dysintericis,</strong></span> <span class='ocrx_word' id='word_1_105' title='bbox 890 981 984 1018; x_wconf 89' lang='lat' dir='ltr'><strong>folia</strong></span> <span class='ocrx_word' id='word_1_106' title='bbox 1009 983 1105 1017; x_wconf 80' lang='lat' dir='ltr'><strong>trita</strong></span> <span class='ocrx_word' id='word_1_107' title='bbox 1129 993 1218 1017; x_wconf 90' lang='lat' dir='ltr'><strong>cum</strong></span> <span class='ocrx_word' id='word_1_108' title='bbox 1244 986 1359 1017; x_wconf 91' lang='lat' dir='ltr'><strong>aceto</strong></span> 
     </span>
    </p>

    <p class='ocr_par' dir='ltr' id='par_1_4' title="bbox 105 1033 1362 1501">
     <span class='ocr_line' id='line_1_17' title="bbox 105 1033 1359 1073; baseline -0.002 -2"><span class='ocrx_word' id='word_1_109' title='bbox 105 1041 164 1072; x_wconf 79' lang='lat'><strong>149</strong></span> <span class='ocrx_word' id='word_1_110' title='bbox 195 1040 349 1072; x_wconf 89' lang='lat' dir='ltr'><strong>aurium</strong></span> <span class='ocrx_word' id='word_1_111' title='bbox 380 1036 517 1073; x_wconf 87' lang='lat' dir='ltr'><strong>dolori.</strong></span> <span class='ocrx_word' id='word_1_112' title='bbox 573 1039 612 1072; x_wconf 93' lang='lat' dir='ltr'><strong>in</strong></span> <span class='ocrx_word' id='word_1_113' title='bbox 644 1038 878 1071; x_wconf 80' lang='lat' dir='ltr'><strong>sanctuariis</strong></span> <span class='ocrx_word' id='word_1_114' title='bbox 915 1033 1164 1070; x_wconf 78' lang='lat' dir='ltr'><strong>Mithridatis</strong></span> <span class='ocrx_word' id='word_1_115' title='bbox 1199 1036 1359 1069; x_wconf 80' lang='lat' dir='ltr'><strong>maximi</strong></span> 
     </span>
     <span class='ocr_line' id='line_1_18' title="bbox 192 1087 1359 1139; baseline -0.003 -13"><span class='ocrx_word' id='word_1_116' title='bbox 192 1093 296 1139; x_wconf 85' lang='lat' dir='ltr'><strong>regis</strong></span> <span class='ocrx_word' id='word_1_117' title='bbox 317 1090 462 1126; x_wconf 82' lang='lat' dir='ltr'><strong>devicti</strong></span> <span class='ocrx_word' id='word_1_118' title='bbox 484 1089 554 1126; x_wconf 90' lang='lat' dir='ltr'><strong>Cn.</strong></span> <span class='ocrx_word' id='word_1_119' title='bbox 579 1088 791 1138; x_wconf 87' lang='lat' dir='ltr'><strong>Pompeius</strong></span> <span class='ocrx_word' id='word_1_120' title='bbox 812 1090 964 1124; x_wconf 87' lang='lat' dir='ltr'><strong>invenit</strong></span> <span class='ocrx_word' id='word_1_121' title='bbox 984 1090 1024 1123; x_wconf 90' lang='lat' dir='ltr'><strong>in</strong></span> <span class='ocrx_word' id='word_1_122' title='bbox 1044 1087 1233 1136; x_wconf 91' lang='lat' dir='ltr'><strong>peculiari</strong></span> <span class='ocrx_word' id='word_1_123' title='bbox 1255 1100 1359 1123; x_wconf 91' lang='lat' dir='ltr'><strong>com-</strong></span> 
     </span>
     <span class='ocr_line' id='line_1_19' title="bbox 192 1140 1360 1192; baseline -0.003 -12"><span class='ocrx_word' id='word_1_124' title='bbox 192 1146 389 1180; x_wconf 89' lang='lat' dir='ltr'><strong>mentario</strong></span> <span class='ocrx_word' id='word_1_125' title='bbox 437 1146 558 1192; x_wconf 86' lang='lat' dir='ltr'><strong>ipsius</strong></span> <span class='ocrx_word' id='word_1_126' title='bbox 602 1156 722 1179; x_wconf 87' lang='lat' dir='ltr'><strong>manu</strong></span> <span class='ocrx_word' id='word_1_127' title='bbox 765 1144 1080 1191; x_wconf 86' lang='lat' dir='ltr'><strong>conpositionem</strong></span> <span class='ocrx_word' id='word_1_128' title='bbox 1123 1140 1295 1177; x_wconf 84' lang='lat' dir='ltr'><strong>antidoti</strong></span> <span class='ocrx_word' id='word_1_129' title='bbox 1339 1153 1360 1176; x_wconf 91' lang='lat' dir='ltr'><strong>e</strong></span> 
     </span>
     <span class='ocr_line' id='line_1_20' title="bbox 192 1194 1362 1239; baseline -0.003 -6"><span class='ocrx_word' id='word_1_130' title='bbox 192 1197 346 1233; x_wconf 88' lang='lat' dir='ltr'><strong>duabus</strong></span> <span class='ocrx_word' id='word_1_131' title='bbox 377 1197 543 1233; x_wconf 90' lang='lat' dir='ltr'><strong>nucibus</strong></span> <span class='ocrx_word' id='word_1_132' title='bbox 575 1199 699 1239; x_wconf 67' lang='lat' dir='ltr'><strong>siccis,</strong></span> <span class='ocrx_word' id='word_1_133' title='bbox 730 1198 828 1232; x_wconf 87' lang='lat' dir='ltr'><strong>item</strong></span> <span class='ocrx_word' id='word_1_134' title='bbox 860 1195 940 1231; x_wconf 85' lang='lat' dir='ltr'><strong>ficis</strong></span> <span class='ocrx_word' id='word_1_135' title='bbox 971 1194 1143 1231; x_wconf 88' lang='lat' dir='ltr'><strong>totidem</strong></span> <span class='ocrx_word' id='word_1_136' title='bbox 1175 1199 1217 1230; x_wconf 87' lang='lat' dir='ltr'><strong>et</strong></span> <span class='ocrx_word' id='word_1_137' title='bbox 1245 1199 1362 1230; x_wconf 87' lang='lat' dir='ltr'><strong>rutae</strong></span> 
     </span>
     <span class='ocr_line' id='line_1_21' title="bbox 193 1246 1362 1297; baseline -0.003 -11"><span class='ocrx_word' id='word_1_138' title='bbox 193 1250 294 1287; x_wconf 86' lang='lat' dir='ltr'><strong>foliis</strong></span> <span class='ocrx_word' id='word_1_139' title='bbox 314 1263 362 1286; x_wconf 77' lang='lat' dir='ltr'><strong>xx</strong></span> <span class='ocrx_word' id='word_1_140' title='bbox 391 1251 507 1287; x_wconf 84' lang='lat' dir='ltr'><strong>simul</strong></span> <span class='ocrx_word' id='word_1_141' title='bbox 527 1252 646 1293; x_wconf 82' lang='lat' dir='ltr'><strong>tritis,</strong></span> <span class='ocrx_word' id='word_1_142' title='bbox 667 1249 805 1286; x_wconf 87' lang='lat' dir='ltr'><strong>addito</strong></span> <span class='ocrx_word' id='word_1_143' title='bbox 833 1249 923 1285; x_wconf 87' lang='lat' dir='ltr'><strong>salis</strong></span> <span class='ocrx_word' id='word_1_144' title='bbox 943 1259 1090 1297; x_wconf 88' lang='lat' dir='ltr'><strong>gran0;</strong></span> <span class='ocrx_word' id='word_1_145' title='bbox 1125 1250 1160 1283; x_wconf 90' lang='lat' dir='ltr'><strong>ei</strong></span> <span class='ocrx_word' id='word_1_146' title='bbox 1182 1260 1260 1296; x_wconf 91' lang='lat' dir='ltr'><strong>quo</strong></span> <span class='ocrx_word' id='word_1_147' title='bbox 1289 1246 1362 1283; x_wconf 88' lang='lat' dir='ltr'><strong>hoc</strong></span> 
     </span>
     <span class='ocr_line' id='line_1_22' title="bbox 193 1300 1359 1340; baseline -0.003 0"><span class='ocrx_word' id='word_1_148' title='bbox 193 1307 348 1340; x_wconf 84' lang='lat' dir='ltr'><strong>ieiunus</strong></span> <span class='ocrx_word' id='word_1_149' title='bbox 374 1310 507 1340; x_wconf 84' lang='lat' dir='ltr'><strong>sumat</strong></span> <span class='ocrx_word' id='word_1_150' title='bbox 534 1303 684 1340; x_wconf 87' lang='lat' dir='ltr'><strong>nullum</strong></span> <span class='ocrx_word' id='word_1_151' title='bbox 712 1315 911 1339; x_wconf 82' lang='lat' dir='ltr'><strong>venenum</strong></span> <span class='ocrx_word' id='word_1_152' title='bbox 938 1304 1163 1338; x_wconf 90' lang='lat' dir='ltr'><strong>nociturum</strong></span> <span class='ocrx_word' id='word_1_153' title='bbox 1191 1300 1256 1337; x_wconf 91' lang='lat' dir='ltr'><strong>illo</strong></span> <span class='ocrx_word' id='word_1_154' title='bbox 1282 1300 1359 1337; x_wconf 91' lang='lat' dir='ltr'><strong>die.</strong></span> 
     </span>
     <span class='ocr_line' id='line_1_23' title="bbox 193 1353 1361 1406; baseline -0.003 -13"><span class='ocrx_word' id='word_1_155' title='bbox 193 1363 331 1394; x_wconf 88' lang='lat' dir='ltr'><strong>contra</strong></span> <span class='ocrx_word' id='word_1_156' title='bbox 367 1358 509 1393; x_wconf 81' lang='lat' dir='ltr'><strong>rabiosi</strong></span> <span class='ocrx_word' id='word_1_157' title='bbox 547 1370 706 1406; x_wconf 87' lang='lat' dir='ltr'><strong>quoque</strong></span> <span class='ocrx_word' id='word_1_158' title='bbox 743 1358 849 1392; x_wconf 85' lang='lat' dir='ltr'><strong>canis</strong></span> <span class='ocrx_word' id='word_1_159' title='bbox 887 1369 1060 1391; x_wconf 79' lang='lat' dir='ltr'><strong>morsum</strong></span> <span class='ocrx_word' id='word_1_160' title='bbox 1097 1353 1135 1390; x_wconf 87' lang='lat' dir='ltr'><strong>hi</strong></span> <span class='ocrx_word' id='word_1_161' title='bbox 1173 1353 1302 1390; x_wconf 92' lang='lat' dir='ltr'><strong>nuclei</strong></span> <span class='ocrx_word' id='word_1_162' title='bbox 1340 1367 1361 1390; x_wconf 91' lang='lat' dir='ltr'><strong>a</strong></span> 
     </span>
     <span class='ocr_line' id='line_1_24' title="bbox 194 1409 1361 1457; baseline -0.003 -10"><span class='ocrx_word' id='word_1_163' title='bbox 194 1414 326 1447; x_wconf 90' lang='lat' dir='ltr'><strong>ieiuno</strong></span> <span class='ocrx_word' id='word_1_164' title='bbox 370 1410 530 1447; x_wconf 89' lang='lat' dir='ltr'><strong>homine</strong></span> <span class='ocrx_word' id='word_1_165' title='bbox 572 1409 893 1447; x_wconf 83' lang='lat' dir='ltr'><strong>commanducati</strong></span> <span class='ocrx_word' id='word_1_166' title='bbox 936 1409 1119 1457; x_wconf 88' lang='lat' dir='ltr'><strong>inlitique</strong></span> <span class='ocrx_word' id='word_1_167' title='bbox 1160 1410 1361 1457; x_wconf 87' lang='lat' dir='ltr'><strong>praesenti</strong></span> 
     </span>
     <span class='ocr_line' id='line_1_25' title="bbox 194 1464 699 1501; baseline 0 -1"><span class='ocrx_word' id='word_1_168' title='bbox 194 1465 372 1501; x_wconf 87' lang='lat' dir='ltr'><strong>remedio</strong></span> <span class='ocrx_word' id='word_1_169' title='bbox 394 1477 479 1501; x_wconf 87' lang='lat' dir='ltr'><strong>esse</strong></span> <span class='ocrx_word' id='word_1_170' title='bbox 500 1464 699 1500; x_wconf 87' lang='lat' dir='ltr'><strong>dicuntur.</strong></span> 
     </span>
    </p>
   </div>
   <div class='ocr_carea' id='block_1_3' title="bbox 196 1566 1364 1824">
    <p class='ocr_par' dir='ltr' id='par_1_5' title="bbox 196 1566 1364 1652">
     <span class='ocr_line' id='line_1_26' title="bbox 239 1566 1364 1609; baseline -0.004 -9"><span class='ocrx_word' id='word_1_171' title='bbox 239 1570 251 1589; x_wconf 86' lang='lat'>¹</span> <span class='ocrx_word' id='word_1_172' title='bbox 276 1569 348 1600; x_wconf 86' lang='lat' dir='ltr'><strong>colo</strong></span> <span class='ocrx_word' id='word_1_173' title='bbox 384 1569 502 1605; x_wconf 73' lang='lat' dir='ltr'><strong>Ianus,</strong></span> <span class='ocrx_word' id='word_1_174' title='bbox 538 1568 720 1609; x_wconf 65' lang='lat' dir='ltr'><strong>Deflessen:</strong></span> <span class='ocrx_word' id='word_1_175' title='bbox 754 1568 825 1598; x_wconf 77' lang='lat' dir='ltr'><strong>solo</strong></span> <span class='ocrx_word' id='word_1_176' title='bbox 864 1567 970 1598; x_wconf 80' lang='lat' dir='ltr'><strong>codd.:</strong></span> <span class='ocrx_word' id='word_1_177' title='bbox 1008 1570 1110 1607; x_wconf 81' lang='lat' dir='ltr'><strong>aptae</strong></span> <span class='ocrx_word' id='word_1_178' title='bbox 1146 1566 1178 1596; x_wconf 89' lang='lat' dir='ltr'><strong>in</strong></span> <span class='ocrx_word' id='word_1_179' title='bbox 1213 1569 1364 1597; x_wconf 80' lang='lat' dir='ltr'><strong>tenesmo</strong></span> 
     </span>
     <span class='ocr_line' id='line_1_27' title="bbox 196 1612 445 1652; baseline 0 -9"><span class='ocrx_word' id='word_1_180' title='bbox 196 1612 267 1643; x_wconf 79' lang='lat' dir='ltr'><strong>solo</strong></span> <span class='ocrx_word' id='word_1_181' title='bbox 284 1612 445 1652; x_wconf 78' lang='lat' dir='ltr'><strong>Mayhoff.</strong></span> 
     </span>
    </p>

    <p class='ocr_par' dir='ltr' id='par_1_6' title="bbox 199 1652 1362 1738">
     <span class='ocr_line' id='line_1_28' title="bbox 239 1652 1362 1695; baseline -0.004 -9"><span class='ocrx_word' id='word_1_182' title='bbox 239 1655 251 1672; x_wconf 82' lang='lat'><strong>²</strong></span> <span class='ocrx_word' id='word_1_183' title='bbox 277 1656 435 1695; x_wconf 78' lang='lat' dir='ltr'><strong>anginam</strong></span> <span class='ocrx_word' id='word_1_184' title='bbox 465 1665 540 1685; x_wconf 87' lang='lat' dir='ltr'><strong>cum</strong></span> <span class='ocrx_word' id='word_1_185' title='bbox 570 1658 647 1684; x_wconf 74' lang='lat' dir='ltr'><strong>ruta</strong></span> <span class='ocrx_word' id='word_1_186' title='bbox 674 1659 708 1684; x_wconf 83' lang='lat' dir='ltr'><strong>et</strong></span> <span class='ocrx_word' id='word_1_187' title='bbox 737 1654 809 1684; x_wconf 83' lang='lat' dir='ltr'><strong>oleo</strong></span> <span class='ocrx_word' id='word_1_188' title='bbox 840 1652 876 1683; x_wconf 86' lang='lat' dir='ltr'><strong>in</strong></span> <span class='ocrx_word' id='word_1_189' title='bbox 904 1652 992 1684; x_wconf 81' lang='lat' dir='ltr'><strong>codd.</strong></span> <span class='ocrx_word' id='word_1_190' title='bbox 1023 1656 1094 1692; x_wconf 71' lang='lat' dir='ltr'><strong>post</strong></span> <span class='ocrx_word' id='word_1_191' title='bbox 1122 1652 1227 1682; x_wconf 82' lang='lat' dir='ltr'><strong>item:</strong></span> <span class='ocrx_word' id='word_1_192' title='bbox 1263 1656 1362 1682; x_wconf 74' lang='lat' dir='ltr'><strong>trans.</strong></span> 
     </span>
     <span class='ocr_line' id='line_1_29' title="bbox 199 1697 734 1738; baseline -0.002 -10"><span class='ocrx_word' id='word_1_193' title='bbox 199 1698 359 1738; x_wconf 66' lang='lat' dir='ltr'><strong>JIayIzosf,</strong></span> <span class='ocrx_word' id='word_1_194' title='bbox 376 1698 433 1737; x_wconf 69' lang='lat' dir='ltr'><strong>qni</strong></span> <span class='ocrx_word' id='word_1_195' title='bbox 448 1703 475 1728; x_wconf 75' lang='lat' dir='ltr'><strong>et</strong></span> <span class='ocrx_word' id='word_1_196' title='bbox 492 1698 634 1737; x_wconf 83' lang='lat' dir='ltr'><strong>anginae</strong></span> <span class='ocrx_word' id='word_1_197' title='bbox 651 1697 734 1727; x_wconf 60' lang='lat' dir='ltr'><strong>coni.</strong></span> 
     </span>
    </p>

    <p class='ocr_par' dir='ltr' id='par_1_7' title="bbox 241 1739 779 1780">
     <span class='ocr_line' id='line_1_30' title="bbox 241 1739 779 1780; baseline -0.004 -8"><span class='ocrx_word' id='word_1_198' title='bbox 241 1741 254 1759; x_wconf 81' lang='lat'>³</span> <span class='ocrx_word' id='word_1_199' title='bbox 277 1745 312 1772; x_wconf 82' lang='lat' dir='ltr'><strong>et</strong></span> <span class='ocrx_word' id='word_1_200' title='bbox 328 1751 367 1771; x_wconf 88' lang='lat' dir='ltr'><strong>eo</strong></span> <span class='ocrx_word' id='word_1_201' title='bbox 383 1741 470 1772; x_wconf 75' lang='lat' dir='ltr'><em>codd.</em></span> <span class='ocrx_word' id='word_1_202' title='bbox 489 1752 495 1770; x_wconf 92' lang='lat'>:</span> <span class='ocrx_word' id='word_1_203' title='bbox 526 1739 601 1770; x_wconf 87' lang='lat' dir='ltr'><strong>ideo</strong></span> <span class='ocrx_word' id='word_1_204' title='bbox 620 1739 779 1780; x_wconf 78' lang='lat' dir='ltr'><strong>Mayhoff.</strong></span> 
     </span>
    </p>

    <p class='ocr_par' dir='ltr' id='par_1_8' title="bbox 241 1783 634 1824">
     <span class='ocr_line' id='line_1_31' title="bbox 241 1783 634 1824; baseline 0 -10"><span class='ocrx_word' id='word_1_205' title='bbox 241 1784 254 1803; x_wconf 82' lang='lat'><strong>⁴</strong></span> <span class='ocrx_word' id='word_1_206' title='bbox 278 1784 322 1814; x_wconf 83' lang='lat' dir='ltr'><strong>ad</strong></span> <span class='ocrx_word' id='word_1_207' title='bbox 340 1783 442 1824; x_wconf 79' lang='lat' dir='ltr'><em>v11l9.:</em></span> <span class='ocrx_word' id='word_1_208' title='bbox 467 1794 528 1814; x_wconf 86' lang='lat' dir='ltr'><strong>om.</strong></span> <span class='ocrx_word' id='word_1_209' title='bbox 547 1783 634 1814; x_wconf 76' lang='lat' dir='ltr'><em>codd.</em></span> 
     </span>
    </p>
   </div>
   <div class='ocr_carea' id='block_1_4' title="bbox 195 1870 260 1873">
    <p class='ocr_par' dir='ltr' id='par_1_9' title="bbox 195 1870 260 1873">
     <span class='ocr_line' id='line_1_32' title="bbox 195 1870 260 1873; baseline 0 0"><span class='ocrx_word' id='word_1_210' title='bbox 195 1870 260 1873; x_wconf 95' lang='lat' dir='ltr'><strong> </strong></span> 
     </span>
    </p>
   </div>
   <div class='ocr_carea' id='block_1_5' title="bbox 188 1922 1366 2050">
    <p class='ocr_par' dir='ltr' id='par_1_10' title="bbox 188 1922 1366 2050">
     <span class='ocr_line' id='line_1_33' title="bbox 231 1922 1366 1962; baseline -0.004 -7"><span class='ocrx_word' id='word_1_211' title='bbox 231 1927 245 1942; x_wconf 80' lang='lat'><strong>⁰</strong></span> <span class='ocrx_word' id='word_1_212' title='bbox 268 1923 395 1955; x_wconf 76' lang='lat' dir='ltr'><strong>Pituita</strong></span> <span class='ocrx_word' id='word_1_213' title='bbox 417 1924 484 1954; x_wconf 83' lang='lat' dir='ltr'><strong>like</strong></span> <span class='ocrx_word' id='word_1_214' title='bbox 505 1923 563 1955; x_wconf 81' lang='lat' dir='ltr'><strong>the</strong></span> <span class='ocrx_word' id='word_1_215' title='bbox 586 1923 694 1954; x_wconf 85' lang='lat' dir='ltr'><strong>Greek</strong></span> <span class='ocrx_word' id='word_1_216' title='bbox 715 1922 843 1962; x_wconf 78' lang='grc' dir='ltr'>φλέγμα</span> <span class='ocrx_word' id='word_1_217' title='bbox 867 1931 974 1953; x_wconf 77' lang='lat' dir='ltr'><strong>seems</strong></span> <span class='ocrx_word' id='word_1_218' title='bbox 996 1926 1032 1952; x_wconf 83' lang='lat' dir='ltr'><strong>to</strong></span> <span class='ocrx_word' id='word_1_219' title='bbox 1056 1931 1154 1951; x_wconf 88' lang='lat' dir='ltr'><strong>mean</strong></span> <span class='ocrx_word' id='word_1_220' title='bbox 1178 1930 1307 1957; x_wconf 88' lang='lat' dir='ltr'><strong>mucus,</strong></span> <span class='ocrx_word' id='word_1_221' title='bbox 1330 1929 1366 1950; x_wconf 92' lang='lat' dir='ltr'><strong>or</strong></span> 
     </span>
     <span class='ocr_line' id='line_1_34' title="bbox 188 1962 1364 2005; baseline -0.003 -8"><span class='ocrx_word' id='word_1_222' title='bbox 188 1977 301 1997; x_wconf 80' lang='lat' dir='ltr'><strong>excess</strong></span> <span class='ocrx_word' id='word_1_223' title='bbox 322 1967 360 1997; x_wconf 88' lang='lat' dir='ltr'><strong>of</strong></span> <span class='ocrx_word' id='word_1_224' title='bbox 376 1967 413 1997; x_wconf 77' lang='lat' dir='ltr'><strong>it.</strong></span> <span class='ocrx_word' id='word_1_225' title='bbox 460 1966 495 1997; x_wconf 70' lang='lat' dir='ltr'><strong>It</strong></span> <span class='ocrx_word' id='word_1_226' title='bbox 515 1967 541 1997; x_wconf 83' lang='lat' dir='ltr'><strong>is</strong></span> <span class='ocrx_word' id='word_1_227' title='bbox 562 1966 646 1996; x_wconf 84' lang='lat' dir='ltr'><strong>hard</strong></span> <span class='ocrx_word' id='word_1_228' title='bbox 667 1970 703 1997; x_wconf 77' lang='lat' dir='ltr'><strong>to</strong></span> <span class='ocrx_word' id='word_1_229' title='bbox 724 1966 823 1996; x_wconf 83' lang='lat' dir='ltr'><strong>make</strong></span> <span class='ocrx_word' id='word_1_230' title='bbox 843 1975 938 1996; x_wconf 82' lang='lat' dir='ltr'><strong>sense</strong></span> <span class='ocrx_word' id='word_1_231' title='bbox 958 1964 996 1994; x_wconf 85' lang='lat' dir='ltr'><strong>of</strong></span> <span class='ocrx_word' id='word_1_232' title='bbox 1012 1964 1071 1994; x_wconf 84' lang='lat' dir='ltr'><strong>the</strong></span> <span class='ocrx_word' id='word_1_233' title='bbox 1092 1963 1232 2005; x_wconf 81' lang='lat' dir='ltr'><strong>reading</strong></span> <span class='ocrx_word' id='word_1_234' title='bbox 1251 1962 1290 1994; x_wconf 87' lang='lat' dir='ltr'><strong>of</strong></span> <span class='ocrx_word' id='word_1_235' title='bbox 1306 1962 1364 1993; x_wconf 82' lang='lat' dir='ltr'><strong>the</strong></span> 
     </span>
     <span class='ocr_line' id='line_1_35' title="bbox 191 2007 1058 2050; baseline -0.003 -9"><span class='ocrx_word' id='word_1_236' title='bbox 191 2010 283 2041; x_wconf 86' lang='lat' dir='ltr'><strong>MSS.</strong></span> <span class='ocrx_word' id='word_1_237' title='bbox 303 2010 408 2050; x_wconf 75' lang='lat' dir='ltr'><strong>(solo),</strong></span> <span class='ocrx_word' id='word_1_238' title='bbox 426 2009 557 2050; x_wconf 84' lang='lat' dir='ltr'><strong>though</strong></span> <span class='ocrx_word' id='word_1_239' title='bbox 575 2010 601 2040; x_wconf 78' lang='lat' dir='ltr'><strong>it</strong></span> <span class='ocrx_word' id='word_1_240' title='bbox 619 2010 645 2040; x_wconf 84' lang='lat' dir='ltr'><strong>is</strong></span> <span class='ocrx_word' id='word_1_241' title='bbox 662 2009 814 2040; x_wconf 74' lang='lat' dir='ltr'><strong>retained</strong></span> <span class='ocrx_word' id='word_1_242' title='bbox 833 2008 877 2049; x_wconf 83' lang='lat' dir='ltr'><strong>by</strong></span> <span class='ocrx_word' id='word_1_243' title='bbox 895 2007 1058 2048; x_wconf 79' lang='lat' dir='ltr'><strong>Mayhoff.</strong></span> 
     </span>
    </p>
   </div>
   <div class='ocr_carea' id='block_1_6' title="bbox 194 2065 264 2101">
    <p class='ocr_par' dir='ltr' id='par_1_11' title="bbox 194 2065 264 2101">
     <span class='ocr_line' id='line_1_36' title="bbox 194 2065 264 2101; baseline -0.043 0"><span class='ocrx_word' id='word_1_244' title='bbox 194 2065 264 2101; x_wconf 84' lang='lat'><strong>514</strong></span> 
     </span>
    </p>
   </div>
  </div>
 </body>
</html>
