1469 2299
131 862 190 894 159

134 1344 192 1373 160

417 114 611 152 PLINY:
657 115 919 152 NATURAL
953 114 1188 152 HISTORY

215 217 386 254 diximus
415 223 457 253 et
486 230 509 253 a
538 217 699 253 Graecis
729 219 928 266 erysimon
956 219 1099 260 vocari,
1128 216 1230 253 Galli
1260 216 1389 253 velam

215 270 432 319 appellant.
488 276 550 306 est
599 275 736 306 autem
786 269 1032 312 fruticosum,
1083 269 1183 306 foliis
1234 282 1389 313 erucae,

215 324 510 373 angustioribus
547 323 679 372 paulo,
716 325 866 359 semine
904 325 1102 366 nasturtii,
1140 323 1390 359 utilissimum

217 377 477 413 tussientibus
516 390 606 413 cum
644 376 762 412 melle
802 382 844 413 et
882 379 922 412 in
960 376 1130 412 thoracis
1170 376 1391 425 purulentis

217 431 546 466 excreationibus.
602 430 721 466 datur
745 435 787 466 et
808 432 918 480 regio
941 430 1078 466 morbo
1103 435 1144 466 et
1167 430 1390 466 lumborum

217 486 333 527 vitiis,
349 484 579 532 pleuriticis,
595 484 844 527 torminibus,
860 483 1051 520 coeliacis.
1106 483 1284 519 inlinitur
1299 496 1390 520 vero

217 538 445 586 parotidum
466 542 507 574 et
527 539 837 574 carcinomatum
856 537 983 580 malis,
1002 539 1168 573 testium
1188 537 1391 573 ardoribus

219 604 268 627 ex
296 604 413 640 aqua,
441 591 535 627 alias
562 604 652 627 cum
679 590 811 634 melle,
837 589 1056 626 infantibus
1083 603 1241 639 quoque
1269 590 1391 626 utilis-

217 647 374 687 simum,
404 647 501 680 item
531 644 634 680 sedis
664 646 767 680 vitiis
797 649 839 680 et
867 643 1100 680 articulariis
1128 644 1274 680 morbis
1303 656 1392 679 cum

217 698 334 734 melle
373 703 415 734 et
453 698 538 741 fico,
576 702 715 734 contra
753 709 907 734 venena
944 699 1067 734 etiam
1105 697 1243 733 efficax
1280 702 1390 746 potu.

218 751 405 787 medetur
440 756 482 787 et
517 753 749 800 suspiriosis,
784 752 882 787 item
919 750 1058 787 fistulis
1093 763 1184 787 cum
1219 752 1393 800 axungia

218 811 354 840 vetere
379 807 436 840 ita
460 817 510 840 ne
535 807 642 841 intus
667 804 851 841 addatur.

269 858 449 894 LXXVI.
481 858 717 894 Horminum
748 860 913 900 semine,
944 862 989 893 ut
1019 857 1204 901 diximus,
1236 859 1393 894 cumino

215 911 341 947 simile
358 916 432 955 est,
449 917 584 948 cetero
600 924 730 960 porro,
747 910 962 947 dotrantali
980 910 1206 954 altitudine,
1223 910 1392 947 duorum

219 977 435 1014 generum3
468 965 582 1001 alteri
601 978 739 1001 semen
757 966 905 1014 nigrius
925 970 967 1000 et
985 963 1325 1014 oblongum—hoc
1344 964 1394 1000 ad

216 1031 404 1055 venerem
434 1018 718 1054 stimulandam
750 1024 792 1054 et
822 1018 871 1055 ad
902 1017 1103 1055 oculorum
1134 1030 1310 1068 argema,
1341 1017 1392 1054 al-

216 1072 566 1121 bugines—altera
617 1072 822 1108 candidius
888 1084 1026 1108 semen
1078 1077 1120 1108 et
1171 1071 1391 1108 rotundius.

217 1131 387 1174 utroque
415 1131 505 1162 tuso
534 1124 802 1162 extrahuntur
830 1125 954 1161 aculei
985 1137 1033 1161 ex
1062 1137 1225 1174 corpore
1252 1137 1324 1174 per
1351 1137 1393 1161 se

215 1179 327 1215 inlito
344 1179 356 1202 ¹
380 1191 428 1215 ex
457 1192 574 1228 aqua,
595 1178 688 1215 folia
708 1191 756 1214 ex
779 1184 893 1214 aceto
912 1181 1085 1227 inposita
1108 1191 1231 1228 panos
1255 1191 1328 1228 per
1350 1190 1393 1215 se

220 1232 279 1268 vel
298 1245 388 1268 cum
405 1232 522 1269 melle
541 1233 773 1275 discutiunt,
791 1235 889 1268 item
907 1231 1148 1275 furunculos,
1165 1234 1395 1282 priusquam

217 1288 350 1334 capita
374 1285 538 1328 faciant,
563 1298 781 1335 omnesque
807 1287 1052 1321 acrimonias.

271 1339 473 1376 LXXVII.
504 1339 610 1385 Quin
640 1345 681 1376 et
708 1342 818 1388 ipsae
846 1338 1006 1389 frugum
1033 1343 1168 1388 pestes
1195 1340 1236 1374 in
1263 1338 1395 1388 aliquo

218 1399 311 1429 sunt
336 1406 422 1429 usu.
477 1393 614 1429 infelix
640 1393 791 1430 dictum
818 1398 879 1429 est
904 1405 926 1428 a
950 1392 1124 1442 Vergilio
1149 1391 1297 1436 lolium,
1321 1391 1395 1429 hoc

220 1451 357 1482 tamen
374 1446 571 1490 molitum,
591 1459 640 1483 ex
658 1452 773 1483 aceto
791 1452 948 1483 coctum
966 1448 1262 1495 inpositumque
1279 1451 1395 1482 sanat

219 1502 459 1549 inpetigines
511 1500 677 1536 celerius
729 1513 808 1549 quo
859 1502 1016 1549 saepius
1066 1504 1268 1536 mutatum
1320 1505 1394 1536 est.

216 1553 402 1590 medetur
435 1559 477 1590 et
510 1553 711 1604 podagrae
745 1553 910 1603 aliisque
944 1553 1144 1590 doloribus
1176 1566 1266 1589 cum
1299 1566 1395 1603 oxy-

216 1607 364 1644 melite.
419 1609 521 1644 ratio
556 1606 677 1644 haec:
727 1609 829 1644 aceti
867 1609 1041 1643 sextario
1075 1619 1153 1643 uno
1189 1606 1395 1643 diluuntur

519 1718 530 1737 1
554 1718 633 1749 Post
651 1718 749 1749 inlito
766 1718 842 1749 add.
863 1718 914 1748 vel
934 1717 1097 1758 Mayhoff.

266 1824 281 1839 ¹²
303 1820 364 1851 See
380 1820 477 1851 Book
494 1820 628 1851 XVIII.
645 1821 726 1858 §96.

269 1863 281 1882 ὸ
303 1862 469 1903 May-hoff,
487 1864 686 1903 comparing
707 1863 766 1893 the
788 1862 927 1903 parallel
951 1872 1092 1903 passage
1114 1861 1153 1893 of
1170 1861 1396 1899 Dioscorides,

222 1905 307 1937 adds
330 1906 385 1937 vel.
433 1906 503 1936 But
524 1905 738 1937 Dioscorides
759 1905 841 1945 (III.
865 1906 937 1941 129,
959 1905 1163 1944 Wellmann)
1186 1905 1270 1936 has:
1297 1917 1394 1936 κατα-

224 1948 363 1979 πλασθὲν
381 1948 415 1980 δὲ
430 1947 502 1988 μεθ’
520 1948 637 1983 ὕδατος
662 1973 668 1979 .
695 1973 702 1980 .
729 1973 735 1980 .
760 1947 924 1982 σκόλοπας
942 1947 1124 1979 ἐπισπᾶται.

270 1997 281 2011 ⁹
304 1992 365 2023 See
384 1991 532 2032 Georqics
552 1992 580 2023 I.
602 1992 674 2024 153.

218 2052 289 2095 406
