1469 2299
114 218 154 248 83

117 815 158 844 84

118 1263 158 1293 85

120 1712 159 1741 86

386 108 550 144 PLINY
566 121 574 144 :
617 106 878 143 NATURAL
913 105 1148 143 HISTORY

181 215 275 261 quin
303 217 343 248 et
373 213 522 247 urinam
552 212 634 246 eius
661 211 727 259 qui
754 209 966 245 brassicam
994 211 1196 245 esitaverit
1223 208 1352 245 adser-

182 289 260 322 vari
278 287 402 328 iubet,
417 284 732 333 calefactamque
747 286 875 320 nervis
890 283 1066 319 remedio
1083 296 1179 319 esse.
1235 283 1352 319 verba

182 363 301 410 ipsius
323 361 511 397 subiciam
533 359 583 396 ad
606 357 905 407 exprimendam
927 359 1190 394 sententiam:
1212 370 1352 407 pueros

181 435 340 485 pusillos
375 437 404 471 si
440 434 545 470 laves
581 447 627 470 ea
663 435 786 476 urina,
823 445 1036 482 numquam
1073 431 1222 468 debiles
1258 431 1351 468 fieri.

183 510 341 546 auribus
376 522 534 558 quoque
569 521 617 544 ex
653 510 742 544 vino
775 520 910 543 sucum
945 507 1140 543 brassicae
1174 506 1354 556 tepidum

183 584 359 620 instillari
395 583 550 626 suadet,
585 582 704 632 idque
739 584 859 618 etiam
893 581 1073 618 tarditati
1109 581 1354 617 audientium

183 659 369 708 prodesse
413 657 633 700 adseverat,
678 662 720 693 et
762 658 1001 706 inpetigines
1044 655 1184 692 eadem
1227 658 1353 692 sanari

183 736 265 769 sine
288 733 430 769 ulcere.

235 807 420 844 XXXIV.
451 806 692 843 Graecorum
739 818 897 855 quoque
943 807 1145 855 opiniones
1192 807 1269 841 iam
1315 811 1355 841 et

185 883 346 919 Catonis
374 895 491 918 causa
519 884 610 931 poni
638 882 836 923 convenit,
865 882 903 916 in
930 879 988 916 his
1016 879 1227 916 dumtaxat
1255 892 1356 929 quae

185 957 249 993 ille
291 958 615 1006 praetermiserit.
671 955 769 992 biles
811 954 970 991 trahere
1013 968 1090 991 non
1133 959 1356 1004 percoctam

185 1038 343 1081 putant,
372 1034 469 1068 item
496 1031 626 1067 alvum
653 1030 818 1074 solvere,
843 1029 1093 1079 eandemque
1119 1030 1178 1066 bis
1204 1034 1356 1065 coctam

184 1110 336 1143 sistere.
392 1109 481 1142 vino
506 1106 703 1143 adversari
728 1111 773 1142 ut
799 1107 995 1141 inimicam
1022 1105 1179 1146 vitibus,
1201 1110 1358 1140 antece-

185 1182 307 1218 dente
348 1184 385 1217 in
426 1181 520 1217 cibis
561 1183 688 1216 caveri
730 1180 982 1223 ebrietatem,
1022 1185 1161 1229 postea
1201 1183 1358 1228 sumpta

184 1256 384 1306 crapulam
409 1256 562 1292 discuti.
619 1254 722 1292 hunc
746 1255 876 1291 cibum
901 1260 941 1291 et
966 1254 1165 1291 oculorum
1189 1253 1357 1290 claritati

185 1330 362 1368 conferre
401 1330 584 1373 multum,
623 1343 758 1366 sucum
798 1342 890 1365 vero
923 1328 1069 1365 crudae
1106 1327 1168 1365 vel
1205 1327 1357 1378 angulis

186 1412 343 1442 tantum
362 1408 478 1442 tactis
500 1419 588 1441 cum
609 1406 744 1441 Attico
763 1404 880 1440 melle
899 1404 1121 1453 plurimum.
1177 1402 1359 1439 facillime

185 1483 388 1530 concoqui,
430 1481 597 1529 ciboque
641 1493 687 1516 eo
728 1492 864 1515 sensus
906 1480 1076 1528 purgari.
1132 1478 1358 1514 Erasistrati

186 1555 316 1592 schola
343 1556 487 1592 clamat
514 1554 608 1590 nihil
638 1568 722 1591 esse
749 1554 882 1590 utilius
909 1552 1112 1590 stomacho
1139 1554 1360 1602 nervisque,

186 1630 275 1667 ideo
298 1630 524 1680 paralyticis
551 1635 591 1666 et
616 1629 794 1666 tremulis
818 1628 903 1665 dari
927 1629 1038 1665 iubet
1063 1633 1104 1665 et
1127 1629 1359 1677 sanguinem

187 1706 477 1742 excreantibus.
533 1705 798 1754 Hippocrates
829 1703 1008 1740 coeliacis
1041 1708 1082 1739 et
1113 1702 1360 1753 dysintericis

186 1781 244 1816 bis
271 1786 425 1817 coctam
450 1793 540 1817 cum
566 1779 661 1823 sale,
688 1782 785 1816 item
813 1778 862 1815 ad
888 1784 1113 1815 tenesmum
1141 1783 1182 1815 et
1208 1779 1361 1813 renium

188 1868 319 1899 causa,
349 1855 460 1892 lactis
491 1868 650 1904 quoque
680 1855 909 1891 ubertatem
940 1854 1143 1903 puerperis
1172 1851 1245 1889 hoc
1275 1852 1361 1888 cibo

352 1987 367 2002 ⁶
389 1984 539 2026 Perhaps
557 1984 709 2017 children
725 1984 763 2016 of
776 1983 860 2015 both
877 1994 972 2015 sexes
989 1993 1046 2014 are
1062 1984 1191 2014 meant.

189 2056 234 2093 50
