1469 2299
68 320 129 351 210

69 1172 130 1201 212

71 1491 131 1522 213

359 107 552 143 PLINY:
598 108 858 144 NATURAL
892 107 1126 145 HISTORY

156 212 402 258 scorpionum
426 210 567 246 ictibus
589 212 749 245 resistit.
805 209 923 259 aliqui
945 209 1018 245 hoc
1039 216 1197 247 tantum
1220 213 1331 260 nigro

156 264 350 306 tribuunt,
370 265 400 299 si
419 265 551 311 capita
572 266 654 298 eius
676 262 736 298 vel
755 262 847 298 folia
866 269 1059 299 terantur.

208 316 390 352 LXXXI.
421 316 490 352 Est
529 322 569 351 et
606 316 812 364 porcillaca
848 329 966 365 quam
1003 316 1139 364 peplin
1174 323 1330 358 vocant,

160 382 236 405 non
264 369 432 405 multum
452 372 578 405 sativa
597 369 788 405 efficacior
806 371 914 405 cuius
944 369 1220 405 memorabiles
1241 383 1331 406 usus

157 422 391 458 traduntur:
419 425 656 472 sagittarum
674 435 825 458 venena
841 428 880 458 et
895 425 1139 471 serpentium
1154 421 1332 458 haemor—

156 475 337 511 rhoidum
362 481 401 511 et
430 482 652 524 presterum
678 478 866 522 restingui
898 489 967 524 pro
996 476 1083 511 cibo
1109 482 1267 524 sumpta
1291 482 1329 511 et

157 528 282 578 plagis
302 531 471 577 inposita
494 528 663 571 extrahi,
685 531 781 564 item
804 528 1032 578 hyoscyami
1053 535 1148 577 pota
1172 542 1192 564 e
1218 542 1332 577 passo

158 595 343 630 expresso
364 596 467 618 suco.
522 595 610 618 cum
640 585 724 630 ipsa
752 595 827 618 non
850 588 924 625 est,
952 595 1087 617 semen
1108 585 1190 618 eius
1219 582 1331 618 simili

159 635 301 671 effectu
335 636 509 684 prodest.
565 638 711 671 resistit
746 641 786 671 et
820 648 1009 684 aquarum
1044 638 1161 678 vitiis,
1193 638 1332 684 capitis

159 688 281 724 dolori
309 688 584 737 ulceribusque
610 691 649 724 in
676 691 764 724 vino
790 695 878 724 tusa
906 694 946 724 et
973 691 1156 737 inposita,
1182 688 1332 738 reliqua

158 741 290 777 ulcera
336 742 665 777 commanducata
711 755 800 777 cum
847 741 965 777 melle
1011 747 1137 777 sanat.
1192 744 1246 778 sic
1292 747 1333 778 et

158 794 370 830 infantium
404 795 566 831 cerebro
600 797 802 843 inponitur
836 794 1099 844 umbilicoque
1132 795 1332 844 prociduo,

159 850 197 883 in
221 847 418 896 epiphoris
441 861 533 884 vero
555 851 730 884 omnium
754 847 873 884 fronti
897 848 1222 897 temporibusque
1244 861 1331 884 cum

158 901 334 950 polenta,
355 901 424 938 sed
452 903 544 950 ipsis
564 901 683 937 oculis
713 914 733 937 e
761 901 864 937 lacte
893 907 934 938 et
960 901 1092 944 melle,
1120 901 1271 941 eadem,
1303 904 1331 937 si

159 954 363 1003 procidant
402 954 516 997 oculi,
554 953 654 990 foliis
691 957 794 990 tritis
831 967 920 990 cum
956 955 1165 991 corticibus
1202 953 1333 997 sabae,

158 1007 305 1056 pusulis
338 1021 427 1043 cum
459 1007 621 1056 polenta
654 1014 695 1044 et
727 1007 807 1044 sale
841 1014 882 1043 et
914 1013 1040 1044 aceto.
1094 1007 1226 1044 ulcera
1258 1010 1332 1043 oris

158 1067 437 1110 tumoremque
453 1063 700 1110 gingivarum
720 1061 1049 1097 commanducata
1067 1061 1187 1097 cruda
1205 1061 1333 1104 sedat,

159 1117 256 1150 item
304 1114 484 1150 dentium
532 1114 700 1157 dolores,
748 1114 994 1150 tonsillarum
1040 1114 1172 1150 ulcera
1219 1127 1333 1151 sucus

157 1167 359 1204 decoctae.
415 1167 575 1217 quidam
609 1168 790 1204 adiecere
822 1167 983 1217 paulum
1016 1180 1185 1204 murrae.
1241 1180 1330 1203 nam

159 1221 324 1257 mobiles
360 1220 502 1257 dentes
540 1221 691 1257 stabilit
733 1221 1081 1264 conmanducata,1
1117 1233 1334 1270 vocemque

159 1274 289 1311 firmat
316 1280 357 1310 et
382 1277 487 1311 sitim
513 1280 634 1311 arcet.
689 1277 847 1310 cervicis
873 1274 1026 1310 dolores
1050 1287 1139 1310 cmn
1164 1274 1268 1324 galla
1294 1280 1334 1310 et

159 1327 226 1363 lini
246 1330 397 1364 semine
418 1334 459 1364 et
479 1328 596 1364 melle
617 1330 699 1376 pari
721 1340 905 1364 mensura
924 1327 1053 1371 sedat,
1073 1341 1334 1364 mammarum

159 1383 254 1416 vitia
280 1394 370 1417 cum
396 1381 514 1417 melle
541 1387 609 1417 aut
637 1381 801 1417 Cimolia
828 1387 951 1424 creta,
977 1380 1159 1417 salutaris
1187 1387 1228 1417 et
1254 1394 1335 1417 sus-

160 1436 310 1483 piriosis
345 1437 495 1470 semine
529 1447 619 1470 cum
652 1434 770 1470 melle
804 1433 959 1470 hausto.
1013 1433 1262 1470 stomachum
1295 1436 1335 1470 in

159 1490 340 1523 acetariis
379 1494 538 1536 sumpta
576 1488 814 1524 corroborat.
870 1487 1025 1524 ardenti
1065 1487 1241 1524 febribus
1279 1489 1336 1523 in-

208 1597 219 1615 ¹
244 1598 323 1629 Post
338 1598 626 1629 commanducata
649 1598 767 1629 iterant
787 1598 877 1630 codd.
895 1598 1000 1629 cruda
1021 1598 1131 1629 sedat.
1177 1597 1222 1628 In
1241 1596 1336 1628 uncis

162 1640 213 1672 Ιο.
232 1641 356 1672 Μϋῐῐεν
372 1646 400 1672 el
418 1641 582 1682 Illayhoff.

206 1757 221 1778 '⁰
244 1759 426 1799 Symptom
445 1759 484 1789 of
497 1769 540 1789 an
559 1759 701 1789 obscure
718 1759 860 1795 disease,
878 1769 954 1789 now
971 1758 1117 1799 perhaps
1135 1758 1320 1790 unknown.

210 1802 222 1820 '³
244 1802 325 1832 This
352 1812 410 1832 use
436 1802 475 1832 of
496 1812 586 1838 nam,
612 1802 867 1833 characteristic
893 1801 931 1832 of
954 1801 1065 1842 Pliny,
1091 1803 1124 1832 in
1151 1812 1171 1832 a
1196 1800 1336 1841 slightly

161 1845 380 1876 adversative
408 1855 504 1875 sense
534 1848 655 1883 (autem
684 1855 721 1875 or
751 1844 860 1876 Greek
883 1843 931 1885 δέ)
955 1844 1016 1875 has
1038 1844 1198 1875 occurred
1222 1843 1336 1874 before

163 1889 197 1918 in
214 1887 284 1918 this
302 1887 402 1918 book.
449 1888 510 1919 See
528 1887 562 1927 ἕξ
581 1888 633 1923 28,
652 1889 704 1918 55.

199 1941 211 1956 ⁶
234 1933 384 1967 Cimolus
397 1946 466 1966 was
479 1945 522 1966 an
539 1935 650 1965 island
669 1937 758 1973 (now
775 1935 909 1973 Cimoli)
928 1935 966 1965 of
979 1935 1037 1965 the
1054 1934 1218 1976 Cyclades
1230 1934 1340 1965 where

154 1990 223 2010 was
239 1979 346 2010 found
363 1989 383 2010 a
400 1978 499 2010 chalk
518 1980 569 2017 (or
586 1977 713 2009 fuller’s
729 1978 859 2018 earth?)
879 1978 980 2009 much
998 1978 1080 2009 used
1096 1978 1131 2009 in
1148 1977 1321 2009 medicine*

157 2052 222 2077 122
