1469 2299
163 1015 197 1045 18

164 1336 198 1366 19

427 107 615 144 PLINY:
657 105 919 142 NATURAL
956 105 1190 142 HISTORY

222 223 325 260 quae
347 210 488 246 Graeci
519 214 662 246 vocant
692 206 982 260 ἀποστήματα.
1038 207 1229 244 decoctae
1259 213 1395 245 autem

223 267 428 300 universae
459 276 574 299 sucus
603 262 784 298 dentium
819 267 951 298 motus
986 261 1138 297 stabilit
1166 267 1208 297 et
1242 261 1396 299 dolores

222 316 389 360 inhibet,
410 319 544 352 vinum
573 329 662 352 cum
691 328 738 351 ea
767 314 1029 351 fervefactum
1051 314 1253 351 oculorum
1275 317 1398 351 etiam

222 373 407 419 impetus.
463 369 556 405 folia
585 371 668 405 eius
697 382 787 405 cum
828 369 1054 404 recentibus
1095 370 1269 417 cupressi
1307 381 1395 404 con-

223 429 313 460 tusa
350 429 391 459 et
429 425 614 471 inposita.
641 425 725 471 ipsa
762 434 921 471 quoque
959 427 1066 457 tosta
1103 424 1142 457 in
1180 421 1318 470 argilla
1354 434 1399 457 ac

224 480 318 512 trita
353 490 441 512 cum
477 476 594 525 adipe
629 477 777 511 anseris
812 475 1038 511 vulneribus
1073 474 1271 511 medetur.
1326 487 1399 511 nec

224 543 299 566 non
323 532 512 565 ramentis
533 531 686 566 corticis
717 541 852 565 recens
881 528 1077 577 podagras
1106 527 1330 577 refrigerat,
1358 534 1399 565 et

223 583 382 619 ardores
413 585 566 631 capitis,
597 581 810 618 infantium
840 584 1028 624 maxime,
1058 586 1099 617 et
1129 583 1241 631 ignes
1271 594 1399 618 sacros

224 637 284 672 vel
305 636 429 672 isdem
451 638 698 685 strigmentis
718 637 898 684 inpositis
921 635 981 671 vcl
1002 635 1229 671 seminibus.
1285 648 1400 671 sucus

223 703 271 725 ex
296 692 542 739 strigmentis
566 689 702 725 inlitus
727 702 815 725 cum
841 702 1000 725 rosaceo
1025 694 1066 724 et
1091 694 1205 724 aceto
1229 687 1399 724 febrium

223 743 381 779 ardores
437 742 659 792 refrigerat.
715 742 849 778 aridae
904 744 999 778 cinis
1054 744 1247 790 inpositus
1302 744 1400 778 mire

222 797 430 833 combusta
479 801 605 832 sanat.
662 794 905 846 Chrysippus
956 795 1132 831 medicus
1181 795 1399 832 damnabat

225 863 290 885 eas
303 852 341 884 in
355 850 463 885 cibis.
476 849 544 885 sed
558 851 734 885 omnium
746 862 939 885 consensu
951 847 1156 884 stomacho
1168 848 1400 885 utilissimae

223 903 448 939 iudicantur
478 908 520 939 et
548 905 844 939 interaneorum
876 905 1175 951 vesicarumque
1200 901 1400 938 exulcera—

225 957 410 993 tionibus.

277 1010 345 1045 IX.
378 1009 448 1045 Est
483 1014 525 1045 et
558 1022 654 1058 rapo
689 1011 744 1045 vis
778 1009 944 1045 medica.
999 1011 1209 1058 perniones
1244 1007 1400 1045 fervens

225 1065 439 1112 inpositum
463 1068 592 1104 sanat,
615 1065 712 1098 item
735 1061 858 1112 frigus
882 1062 994 1112 pellit
1017 1075 1038 1098 e
1062 1061 1241 1111 pedibus.
1297 1075 1401 1111 aqua

224 1116 376 1152 decocti
399 1118 482 1152 eius
505 1115 660 1152 fervens
682 1116 866 1165 podagris
887 1118 1007 1152 etiam
1031 1115 1181 1165 frigidis
1202 1115 1400 1158 medetur,

224 1176 264 1206 et
289 1170 454 1206 crudum
479 1175 613 1206 tusum
637 1183 726 1206 cum
751 1169 832 1206 sale
857 1172 1092 1218 cuicumque
1118 1171 1212 1205 vitio
1237 1168 1398 1218 pedum.

224 1236 361 1259 semen
385 1223 540 1259 inlitum
566 1229 607 1259 et
630 1228 769 1272 potum
793 1225 832 1258 in
856 1225 945 1259 vino
968 1228 1106 1259 contra
1127 1228 1335 1271 serpentes
1359 1228 1401 1258 et

224 1279 355 1313 toxica
380 1276 553 1313 salutare
579 1289 664 1312 esse
690 1276 882 1325 proditur,
908 1290 930 1312 a
954 1276 1088 1313 multis
1113 1289 1205 1312 vero
1229 1275 1399 1312 antidoti

225 1333 302 1366 vim
332 1329 480 1366 habere
509 1332 547 1366 in
579 1333 666 1366 vino
695 1335 737 1366 et
765 1330 863 1366 oleo.
920 1330 1173 1366 Democritus
1200 1331 1241 1365 in
1269 1334 1401 1366 totum

225 1397 271 1420 ea
311 1383 510 1419 abdicavit
548 1386 587 1419 in
627 1384 722 1419 cibis
762 1389 925 1432 propter
964 1383 1201 1425 inflationes,
1242 1383 1400 1419 Diocles

224 1439 377 1484 magnis
394 1437 575 1474 laudibus
592 1437 698 1480 tulit,
715 1439 837 1473 etiam
860 1450 1047 1473 venerem
1068 1436 1261 1473 stimulari
1283 1437 1334 1472 ab
1355 1438 1400 1473 iis

225 1490 438 1539 professus,
471 1493 568 1526 item
601 1491 829 1540 Dionysius.
860 1492 1067 1539 magisque
1099 1492 1129 1525 si
1163 1503 1279 1526 eruca
1311 1503 1400 1526 con-

225 1544 418 1587 direntur,
441 1549 547 1581 tosta
570 1557 728 1594 quoque
751 1544 1005 1580 articulorum
1027 1543 1147 1580 dolori
1171 1557 1260 1580 cum
1283 1543 1399 1593 adjpe

225 1597 422 1646 prodesse.

271 1828 284 1842 ⁰
307 1824 372 1854 For
388 1824 529 1863 impetus
546 1825 579 1854 in
596 1824 655 1855 the
672 1834 766 1854 sense
784 1823 823 1854 of
835 1823 1095 1860 inflammation,
1113 1834 1166 1854 see
1185 1834 1216 1863 p.
1234 1824 1308 1854 272.

270 1868 282 1887 ⁶
307 1867 458 1907 possibly
476 1867 640 1906 shingles;
670 1877 722 1897 see
743 1867 995 1903 Introduction,
1014 1877 1046 1907 p.
1066 1878 1098 1898 x.

267 1915 278 1929 ⁶
301 1911 408 1941 There
440 1913 467 1942 is
498 1921 590 1942 some
622 1911 732 1942 doubt
763 1911 871 1942 about
902 1911 960 1941 the
993 1910 1241 1941 identification
1272 1909 1310 1940 of
1342 1909 1404 1941 the

225 1955 358 1984 various
375 1954 475 1985 kinds
491 1954 530 1984 of
542 1964 658 1994 rapum
678 1958 789 1994 (rapa)
805 1953 873 1985 and
890 1963 1011 1993 napus.

225 2048 265 2073 12
