1469 2299
102 259 160 289 127

104 738 163 770 128

105 1006 163 1038 129

392 97 586 135 PLINY:
632 99 891 137 NATURAL
926 100 1159 137 HISTORY

189 201 392 237 mensibus
407 200 660 244 feminarum,
674 203 714 237 in
729 204 819 237 vino
835 215 927 238 vero
942 202 1132 239 decoctae
1148 206 1362 252 inpositae-

188 267 265 303 que
297 268 386 290 cum
417 254 535 290 melle
567 257 695 291 nervis
727 258 925 303 praecisis.
981 256 1195 293 medentur
1225 264 1361 294 contra

189 307 364 343 lichenas
397 313 439 344 et
470 307 614 357 lepras,
647 314 689 344 et
721 308 893 345 furfures
926 311 964 344 in
997 309 1098 346 facie
1131 311 1362 349 emendant.

191 367 362 410 erugant
386 362 555 397 cutem.l
608 361 701 397 folia
722 364 761 397 in
782 368 897 398 aceto
921 363 1082 399 condita
1097 364 1111 387 ²
1136 364 1362 401 vulneribus

188 416 449 463 inponuntur,
480 417 511 450 si
543 417 723 458 testium,
754 415 896 452 melius
927 429 1016 452 cum
1049 416 1290 467 hyoscyamo
1322 424 1362 454 et

189 467 316 503 farina
353 470 487 504 tritici.
543 481 680 504 semen
719 468 898 505 inlinitur
934 472 1015 518 igni
1053 483 1177 513 sacro,
1215 470 1284 507 flos
1323 477 1362 507 et

189 520 283 557 folia
317 520 493 557 ulcerum
528 524 736 565 vetustati,
770 535 887 558 sucus
922 525 989 572 qui
1023 522 1118 560 flore
1154 537 1363 573 expressus

191 575 357 610 est-—ab
404 574 488 611 aliis
535 575 613 611 mel
661 581 837 618 vocatur,
884 576 935 612 ab
982 576 1066 613 aliis
1112 578 1365 627 syrium—ad

190 627 449 664 emolliendas
490 628 624 665 vulvas
664 629 909 679 sudoresque
950 628 1152 667 faciendos
1193 636 1235 668 et
1274 645 1361 681 sup-

190 684 422 731 purationes
448 682 766 731 concoquendas.

242 735 401 771 LXXV.
433 735 603 772 Narcissi
651 735 730 772 duo
776 748 927 785 genera
973 738 1012 772 in
1061 750 1174 773 usum
1221 737 1362 774 medici

191 790 402 837 recipiunt,
418 801 619 838 purpureo
634 788 730 825 flore
747 795 788 825 et
804 789 975 826 alterum
991 788 1246 834 herbaceum,
1261 790 1366 828 hunc

190 841 397 878 stomacho
438 842 621 879 inutilem
665 848 707 879 et
749 843 838 879 ideo
882 845 1133 880 vomitorium
1176 844 1364 894 alvosque

190 895 427 939 solventem,
456 898 586 933 nervis
613 898 831 939 inimicum,
859 902 980 946 caput
1008 903 1244 946 gravantem
1274 903 1315 934 et
1343 912 1366 934 a

192 962 310 985 narce
353 952 570 985 narcissum
612 949 778 993 dictum,
821 963 899 986 non
941 963 964 986 a
1006 949 1186 988 fabuloso
1228 965 1364 1000 puero.

189 1004 397 1052 utriusque
413 1003 524 1039 radix
541 1003 682 1039 mulsei
698 1005 847 1052 saporis
864 1009 937 1040 est.
993 1004 1186 1041 ambustis
1204 1005 1366 1054 prodest

191 1058 337 1106 exiguo
367 1069 389 1092 e
418 1056 551 1100 melle,
580 1059 634 1093 sic
664 1062 706 1093 et
735 1057 963 1093 vulneribus
993 1063 1036 1094 et
1066 1057 1226 1102 luxatis,
1254 1061 1367 1108 panis

190 1122 283 1146 vero
321 1123 411 1146 cum
448 1110 567 1146 melle
602 1116 644 1147 et
681 1111 847 1147 aerina³
883 1110 1022 1147 farina.
1077 1113 1132 1148 sic
1166 1117 1208 1148 et
1247 1113 1370 1149 infixa

193 1166 345 1212 corpori
370 1162 559 1200 extrahit.
614 1166 653 1200 in
676 1164 840 1213 polenta
861 1166 980 1201 tritus
1003 1164 1171 1214 oleoque
1193 1168 1368 1202 contusis

191 1217 379 1253 medetur
410 1223 452 1253 et
482 1217 614 1267 lapide
646 1220 853 1267 percussis.
909 1224 1055 1268 purgat
1087 1218 1250 1255 vulnera
1280 1232 1367 1268 per-

190 1272 340 1307 mixtus
365 1270 531 1315 farinae,
555 1273 689 1321 nigras
713 1271 928 1321 vitiligines
953 1272 1164 1309 emaculat.
1220 1285 1270 1309 ex
1294 1272 1368 1310 hoc

239 1389 251 1407 ¹
275 1393 400 1420 cutem.
447 1400 525 1429 eqo:
559 1400 712 1430 corpora,
733 1393 858 1421 cutem.
880 1390 1038 1430 Mayhoff
1052 1402 1059 1421 ε
1092 1400 1245 1432 corpora.
1291 1401 1369 1422 cum

196 1431 287 1472 polio
306 1432 388 1463 folia
408 1431 516 1471 Silligh
536 1432 723 1473 Dellefsen:
756 1443 909 1473 corpora.
956 1443 1033 1464 cum
1054 1432 1135 1464 folia
1157 1433 1248 1465 codd.

240 1474 253 1493 ²
276 1475 416 1506 condita
435 1475 521 1506 coni.
543 1476 701 1516 Mayhoff
717 1475 787 1507 coll.
810 1475 1023 1508 Dioscoride:
1057 1479 1156 1507 cocta
1175 1476 1265 1508 codd.

194 1518 390 1601 D³laserina
427 1518 585 1559 Maylzoff
607 1523 735 1550 secutus
772 1519 979 1550 Barbarum:
1020 1529 1151 1550 avenae
1177 1529 1251 1550 cum
1279 1519 1369 1551 codd.

227 1565 255 1591 et
269 1571 285 1591 e,
301 1571 369 1592 sen.

238 1749 252 1764 ⁰
275 1745 370 1776 With
401 1745 462 1776 the
493 1744 635 1786 reading
666 1744 706 1776 of
733 1744 839 1786 Sillig,
873 1744 982 1776 which
1015 1744 1191 1776 Detlefsen
1223 1744 1369 1786 adopts:

195 1788 341 1819 “boiled
374 1789 408 1819 in
441 1789 582 1829 vinegar
613 1788 697 1819 with
728 1788 896 1829 polium.”
941 1787 1074 1819 Polium
1107 1798 1176 1819 was
1208 1798 1229 1818 a
1260 1788 1370 1828 plant,

192 1831 361 1872 probably
387 1831 534 1862 hulwort
560 1831 752 1870 (Teucriam
779 1831 931 1871 polium),
956 1832 1153 1862 sometimes
1178 1830 1261 1861 used
1287 1841 1324 1861 as
1351 1841 1371 1861 a

192 1873 327 1914 healing
360 1874 511 1914 remedy.
557 1874 592 1904 It
626 1873 694 1904 had
729 1885 749 1905 a
782 1878 913 1915 strong,
941 1877 1003 1905 not
1037 1873 1243 1914 unpleasant
1274 1873 1372 1904 smell

192 1915 393 1998 ἑξῖρὲὄοῖἰιὲζ
417 1916 500 1957 μετὰ
531 1919 634 1957 ποσῆς
663 1915 809 1950 εὐωδίας.
854 1916 1071 1948 Dioscorides
1092 1916 1161 1948 ΙΙΙ.
1186 1917 1273 1957 110).
1319 1914 1370 1948 Cf.

190 2030 260 2067 254
