1469 2299
115 437 149 466 ll

115 1087 153 1118 12

115 1739 153 1770 13

384 110 578 149 PLINY:
623 112 884 150 NATURAL
918 112 1151 150 HISTORY

179 213 393 250 honoratus
424 220 484 251 est
517 214 742 251 Hannibale
774 214 890 251 Italia
921 215 1046 264 pu180‚
1077 228 1181 264 quae
1210 228 1354 251 corona

179 285 307 322 adhuc
337 286 418 323 sola
450 289 570 336 ipsius
601 289 755 336 imperii
786 287 969 323 manibus
1001 289 1173 336 inposita
1205 293 1266 324 est
1297 293 1353 331 et,

179 358 285 408 quod
306 358 504 407 peculiare
527 361 561 395 ei
585 365 659 397 est.
681 359 763 395 sola
784 373 805 395 a
828 365 913 396 tota
937 359 1052 396 Italia
1073 359 1182 396 data.

231 431 298 467 VI.
330 429 495 467 Praeter
524 431 594 468 hos
625 434 793 481 contigit
825 434 908 468 eius
939 445 1107 468 coronae
1139 431 1261 468 honos
1296 431 1353 468 M.

179 503 392 553 Calpurnio
420 503 622 540 Flammae
649 505 808 541 tribuno
835 504 1005 540 militum
1031 506 1071 540 in
1097 503 1239 547 Sicilia,
1265 517 1354 540 cen-

178 578 323 612 turioni
350 589 442 613 vero
467 578 533 612 uni
559 576 610 613 ad
633 576 706 613 hoc
731 582 892 626 tempus
917 576 987 612 Cn.
1014 575 1173 613 Petreio
1198 577 1353 613 Atinati

179 648 375 685 Cimbrico
413 648 530 685 bello.
586 651 756 699 primum
797 648 921 698 pilum
961 650 991 685 is
1031 661 1242 698 capessens
1282 649 1355 685 sub

180 720 322 757 Catulo
352 720 553 758 exclusam
582 721 632 757 ab
659 720 775 758 hoste
804 721 1003 770 legionem
1031 734 1143 757 suam
1172 720 1355 758 hortatus

181 794 386 829 tribunum
402 806 517 829 suum
534 793 788 830 dubitantem
806 806 876 842 per
892 799 1022 829 castra
1037 792 1210 830 hostium
1228 806 1356 830 erum—

179 878 274 914 pere
306 864 509 902 interfecit
541 865 821 916 legionemque
854 865 1005 902 eduxit.
1060 867 1217 902 invenio
1250 865 1356 915 apud

182 943 363 974 auctores
387 937 560 975 eundem
582 943 744 988 praeter
765 937 870 974 hunc
891 937 1082 974 honorem
1105 938 1355 974 adstantibus

181 1009 311 1047 Mario
345 1015 387 1046 et
425 1009 567 1047 Catulo
600 1023 677 1047 cos.
712 1015 1015 1060 praetextatum
1048 1010 1272 1047 immolasse
1306 1010 1356 1047 ad

179 1083 384 1119 tibicinem
404 1081 534 1119 foculo
554 1085 695 1132 posito.
751 1085 906 1132 scripsit
926 1088 968 1119 et
988 1081 1095 1118 Sulla
1115 1082 1287 1119 dictator
1306 1083 1356 1119 ab

180 1157 358 1191 exercitu
387 1167 429 1192 se
458 1168 618 1204 quoque
647 1155 841 1192 donatum
870 1154 978 1205 apud
1007 1154 1148 1192 Nolam
1177 1155 1356 1205 legatum

179 1227 283 1264 bello
314 1226 500 1271 Marsico,
529 1227 650 1277 idque
681 1230 803 1264 etiam
832 1230 872 1263 in
901 1227 992 1263 villa
1020 1240 1092 1264 sua
1120 1227 1356 1272 Tusculana,

180 1312 283 1349 quae
298 1298 373 1336 fuit
387 1305 527 1349 postea
542 1300 753 1343 Ciceronis,
768 1302 909 1349 pinxit.
964 1299 1070 1349 quod
1084 1302 1115 1335 si
1129 1313 1266 1336 verum
1281 1305 1356 1344 est,

179 1371 254 1408 hoc
291 1372 635 1409 exsecrabiliorem
674 1385 766 1409 eum
809 1372 992 1415 dixerim,
1031 1371 1356 1422 quandoquidem

180 1457 268 1481 eam
292 1447 412 1494 capiti
435 1458 506 1481 suo
528 1447 815 1494 proscriptione
838 1458 910 1481 sua
932 1447 1017 1494 ipse
1040 1444 1218 1481 detraxit
1240 1449 1355 1481 tanto

180 1518 429 1566 paucioribus
471 1519 614 1554 civium
656 1519 821 1554 servatis
864 1530 984 1567 quam
1026 1522 1167 1566 postea
1208 1519 1354 1554 occisis.

180 1589 303 1626 addat
336 1592 555 1626 etiamnum
586 1588 677 1626 huic
707 1589 856 1640 gloriae
887 1589 1103 1638 superbum
1134 1602 1354 1639 cognomen

182 1661 367 1705 Felicem,
388 1664 472 1711 ipse
494 1667 631 1698 tamen
653 1662 821 1698 obsessis
842 1664 882 1697 in
903 1667 990 1698 toto
1011 1662 1106 1698 orbe
1126 1663 1354 1711 proscriptis

179 1733 252 1770 hac
295 1747 439 1771 corona
481 1733 655 1771 Sertorio
698 1736 828 1770 cessit.
883 1733 1152 1770 Aemilianum
1195 1746 1354 1784 quoque

442 1845 456 1860 ‘¹
479 1841 656 1872 Hannibal
674 1841 736 1872 left
756 1841 850 1882 Italy
869 1842 932 1873 203
954 1850 1020 1872 B.c.

443 1884 456 1903 ⁶
480 1884 541 1915 See
557 1884 644 1915 Livv
661 1884 780 1915 XXII.
797 1886 849 1921 60,
867 1884 960 1925 Epit.
977 1883 1089 1916 XVII.

439 1932 450 1946 ε
472 1927 544 1958 The
559 1918 640 1958 datie
657 1927 685 1958 is
702 1928 759 1958 101
779 1936 847 1958 Μ.

437 1968 451 1988 '³
472 1969 543 2000 The
561 1973 569 1986 ‘
580 1969 708 2002 Social’
726 1969 818 2007 War,
834 1969 939 2000 91-88
956 1977 1021 2000 B.c.

178 2043 247 2079 30²
