1469 2299
154 287 195 318 32

156 865 196 895 33

159 1187 201 1217 34

156 1764 196 1795 35

427 114 621 152 PLINY:
666 115 927 153 NATURAL
961 115 1195 153 HISTORY

221 217 391 253 fantium
413 216 527 254 sedes
548 222 661 254 tactu
683 217 832 253 resilire
854 219 975 267 cogit,
996 216 1235 268 lethargicos
1259 230 1398 267 exper-

220 284 315 331 gisci
342 283 459 318 tactis
486 282 663 318 cruribus
690 283 896 331 magisque
923 280 1067 318 fronte.
1123 281 1265 318 eadem
1291 284 1396 318 canis

221 346 414 382 morsibus
461 345 598 382 addito
645 345 727 381 sale
773 345 973 389 medetur,
1020 348 1256 396 sanguinem
1302 348 1398 383 trita

222 410 380 446 naribus
411 409 537 446 indita
568 412 672 446 sistit
704 415 746 446 et
776 411 902 459 magis
933 409 1078 446 radice.
1132 412 1399 447 carcinomata

223 479 264 510 et
285 473 444 510 sordida
466 473 598 510 ulcera
619 473 701 510 sale
724 473 917 517 admixto,
939 475 1038 510 item
1059 473 1198 510 luxata
1220 480 1335 511 sanat
1357 481 1399 511 et

224 551 359 586 panos,
392 537 595 587 parotidas
629 550 847 587 carnesque
882 538 932 574 ab
966 539 1117 575 ossibus
1150 538 1397 575 recedentes.

222 615 359 639 semen
385 608 524 651 potum
551 615 641 638 cum
667 615 764 651 sapa
788 601 946 638 vulvam
971 602 1230 652 strangulatis
1257 605 1399 652 aperit,

223 666 414 716 profluvia
455 668 610 702 narium
653 669 757 702 sistit
800 668 1028 715 inpositum.
1083 669 1318 704 vomitiones
1361 669 1400 703 in

223 744 327 780 aqua
348 730 476 767 mulsa
497 736 701 779 sumptum
725 744 747 766 a
769 743 867 767 cena
890 730 1023 767 faciles
1045 736 1225 780 praestat
1246 731 1400 768 duobus

223 795 360 838 obolis,
385 808 464 831 uno
489 800 626 831 autem
652 797 690 830 in
716 797 806 831 vino
831 800 927 844 poto
952 795 1205 832 lassitudines
1230 801 1399 832 recreat.

223 859 362 895 vulvae
397 861 500 895 vitiis
535 864 686 895 tostum
722 859 921 896 acetabuli
954 872 1153 903 mensura,
1188 865 1327 909 potum
1361 862 1401 896 in

223 937 319 973 sapa
365 925 515 960 resistit
560 922 753 960 stomachi
799 922 1080 960 inflationibus.
1136 923 1400 974 orthopnoicis

223 987 386 1037 prodest
408 1001 498 1024 cum
520 987 638 1024 melle
661 993 702 1024 et
724 986 928 1024 thoracem
950 993 1098 1038 purgat
1119 988 1261 1025 eodem
1284 988 1401 1039 eclig-

224 1057 333 1088 mate
368 1057 409 1088 et
441 1051 557 1088 lateri
589 1051 775 1088 medetur
807 1065 896 1089 cum
929 1054 1080 1089 semine
1112 1052 1192 1089 lini.
1247 1052 1401 1089 addunt

224 1116 419 1167 hysopum
439 1122 480 1153 et
499 1118 646 1166 piperis
666 1116 827 1166 aliquid.
881 1116 1060 1153 inlinitur
1078 1116 1184 1160 lieni,
1204 1117 1401 1154 difficilem

226 1186 407 1217 ventrem
437 1186 588 1218 tostum
617 1181 704 1217 cibo
734 1180 897 1218 emollit.
953 1181 1216 1230 Hippocrates
1245 1181 1401 1218 vulvam

222 1247 381 1295 purgari
427 1250 522 1294 poto
568 1258 614 1282 eo
659 1247 905 1294 pronuntiat,
950 1245 1084 1282 dolore
1128 1245 1249 1282 levari
1294 1251 1401 1283 tosto

223 1309 422 1346 acetabuli
449 1323 649 1353 mensura,
675 1309 780 1346 dulci
805 1315 900 1359 poto
928 1315 968 1346 et
995 1312 1166 1358 inposito
1191 1323 1282 1346 cum
1308 1323 1401 1347 suco

222 1373 390 1417 malvae,
409 1376 690 1410 intestinorum
710 1373 895 1410 animalia
914 1373 1006 1422 pelli
1025 1387 1116 1410 cum
1134 1373 1400 1424 hydromelite

224 1443 266 1474 et
298 1437 393 1481 sale,
427 1437 599 1474 defluvia
632 1440 772 1487 capitis
806 1440 957 1475 semine
991 1437 1103 1475 inlito
1136 1437 1398 1475 cohonestari.

223 1502 455 1538 articulariis
488 1503 634 1539 morbis
669 1507 710 1539 et
744 1502 966 1552 podagricis
999 1502 1156 1552 plurimi
1190 1515 1280 1539 cum
1313 1502 1400 1540 oleo

222 1572 359 1603 vetere
393 1571 464 1603 aut
495 1566 589 1603 folia
621 1580 711 1603 cum
744 1569 876 1603 ursino
909 1566 1027 1616 adipe
1061 1569 1157 1603 trita
1189 1569 1397 1616 inponunt.

223 1630 273 1666 ad
304 1630 446 1667 eadem
478 1631 589 1668 radix
621 1636 712 1667 tusa
742 1644 833 1667 cum
864 1636 978 1667 aceto
1010 1644 1088 1668 non
1118 1633 1247 1667 minus
1279 1631 1399 1675 utilis,

222 1697 320 1731 item
335 1695 442 1738 lieni,
459 1701 500 1732 et
515 1700 627 1732 cocta
642 1697 682 1731 in
697 1697 787 1731 vino
803 1695 966 1731 discutit
981 1708 1104 1744 panos
1120 1708 1210 1732 cum
1226 1697 1400 1746 axungia

221 1764 358 1796 vetere
387 1759 500 1796 salsa.
556 1759 698 1796 eadem
727 1758 935 1809 psilotrum
965 1764 1026 1796 est
1053 1761 1167 1796 sicca.
1222 1760 1400 1797 condidit

220 1822 359 1860 laudes
408 1826 491 1860 eius
540 1821 710 1860 Phanias
757 1822 957 1874 physicus,
1006 1823 1256 1861 utilissimam
1302 1824 1398 1861 cibis

370 1912 385 1927 ‘²
408 1909 468 1941 See
484 1920 541 1950 pp.
559 1910 711 1940 xiii—xiv.

370 1951 382 1971 ⁶
405 1952 558 1993 Possibly
576 1952 594 1964 “
609 1952 788 1993 running.'’

369 1999 381 2014 ⁶
405 1995 556 2036 Perhaps
576 1996 596 2008 “
611 1995 684 2031 or,’'
703 2006 740 2026 as
757 2000 785 2026 et
803 1998 897 2026 must
914 1995 1010 2026 often
1028 1995 1070 2026 be
1087 1995 1262 2027 rendered.

222 2056 293 2104 316
