1469 2299
89 472 146 502 148

89 845 146 876 149

89 1219 148 1250 150

380 98 573 136 PLINY:
619 98 879 136 NATURAL
911 99 1143 137 HISTORY

176 200 409 237 aviditatem
447 203 487 237 in
524 201 633 245 cibis,
671 201 761 237 ideo
799 201 1113 237 embammatum
1151 203 1347 237 mixturae

174 254 386 290 familiaris.
442 257 526 304 ipsa
561 267 742 291 acescere
776 260 846 290 aut
881 256 984 290 coire
1019 254 1255 303 denserique
1289 254 1348 290 lac

175 321 251 343 non
279 310 444 356 patitur,
469 321 590 356 quare
617 307 729 344 lactis
760 308 986 356 potionibus
1013 307 1185 351 additur,
1217 313 1258 344 et
1289 306 1347 343 his

174 362 265 409 quil
287 360 484 410 coagulati
514 367 613 410 potu
641 361 952 411 strangulentur,
972 360 1067 396 data
1096 363 1135 396 in
1156 373 1259 409 aqua
1279 366 1348 397 aut

174 414 310 450 mulso.
367 414 507 450 eadem
538 417 574 450 vi
607 417 791 450 resistere
823 420 863 450 et
895 416 1141 464 generationi
1174 413 1348 450 creditur

173 466 392 504 cohibendo
430 467 620 517 genitalia
658 467 846 503 denseri.2
905 480 1033 516 aeque
1082 467 1254 503 maribus
1304 480 1348 502 ac

174 520 329 557 feminis
356 523 459 557 sistit
486 524 734 570 sanguinem,
761 527 802 557 et
828 523 1084 570 purgationes
1112 519 1347 556 feminarum

175 573 340 617 inhibet,
387 588 476 610 cum
524 574 654 624 amylo
702 587 750 610 ex
797 587 900 623 aqua
946 579 1042 622 pota
1088 573 1346 609 coeliacorum

177 630 360 676 impetus.
411 627 747 664 exulcerationem
761 627 777 650 ³
798 633 839 664 et
859 629 1029 663 vomicas
1050 626 1189 663 vulvae
1209 632 1347 663 curant

174 681 303 724 illita‚4
336 684 549 717 iocinerum
580 684 675 717 vitia
703 683 826 717 ternis
851 680 973 716 obolis
1005 693 1053 716 ex
1082 679 1208 716 mulso
1231 679 1347 722 datis,

176 737 273 770 item
301 737 534 784 sanguinem
564 735 841 770 excreantibus
869 736 909 769 in
936 734 1163 770 sorbitione.
1217 733 1348 769 ulcera

175 791 213 823 in
254 791 385 836 capite
427 787 639 824 infantium
681 790 778 823 mire
820 793 948 830 sanat,
990 789 1154 823 arterias
1196 786 1350 823 umidas

174 844 307 884 siccat,
331 843 451 877 siccas
475 841 701 891 adstringit,
725 843 890 890 pituitas
914 846 1117 889 corruptas
1142 845 1288 889 purgat
1310 842 1350 876 in

175 895 300 930 mulso
325 901 365 931 et
390 908 506 944 aqua,
531 897 614 930 voci
639 908 731 930 suco
755 894 875 938 utilis,
899 894 972 930 sub
996 896 1214 930 certamine
1238 893 1349 929 durn-

174 954 302 991 taxat,
345 951 411 997 qui
454 954 495 984 et
537 950 809 998 gargarizatur
850 961 926 984 uva
967 953 1151 984 tumente
1194 946 1350 982 adiecta

176 1007 264 1037 ruta
288 1008 329 1037 et
351 1001 555 1037 coriandro
579 1014 627 1037 ex
650 1001 766 1037 lacte.
821 1001 927 1037 utilis
952 1006 993 1037 et
1015 1006 1152 1036 contra
1175 999 1350 1036 tonsillas

175 1068 263 1090 cum
284 1054 470 1098 alumine,
490 1055 648 1104 linguae
669 1067 833 1103 asperae
851 1067 941 1090 cum
960 1053 1078 1090 melle
1098 1059 1139 1090 et
1158 1052 1350 1090 convulsis

176 1110 281 1144 intus
316 1121 387 1157 per
421 1121 463 1144 se
497 1110 682 1157 vitiisque
716 1107 924 1157 pulmonis.
979 1106 1174 1157 singultus
1211 1112 1253 1143 et
1286 1119 1351 1143 vo-

176 1163 359 1197 mitiones
399 1164 501 1198 sistit
542 1175 631 1197 curn
671 1174 763 1198 suco
802 1163 973 1211 granati,
1011 1166 1057 1197 ut
1097 1160 1350 1197 Democritus

176 1221 382 1251 monstrat.
438 1218 608 1251 recentis
639 1228 753 1251 sucus
784 1217 937 1250 narium
967 1216 1062 1250 vitia
1092 1216 1231 1263 spiritu
1262 1213 1352 1249 sub-

175 1268 318 1304 ductus
337 1268 524 1304 emendat
539 1281 547 1311 ;
579 1271 663 1317 ipsa
680 1270 776 1304 trita
793 1267 983 1311 choleras,
1001 1270 1040 1303 in
1058 1273 1172 1303 aceto
1189 1266 1352 1316 quidem

175 1328 284 1371 pota,
306 1324 505 1371 sanguinis
527 1321 733 1358 fluctiones
754 1324 874 1365 intus,
895 1321 1016 1357 ileum
1038 1323 1161 1357 etiam
1180 1322 1352 1369 inposita

176 1388 265 1411 cum
290 1375 452 1424 polenta
478 1381 519 1411 et
544 1377 574 1411 si
600 1387 798 1411 mammae
822 1374 1053 1411 tendantur.
1108 1373 1285 1410 inlinitur
1311 1378 1353 1409 et

176 1429 422 1477 temporibus
465 1431 505 1465 in
546 1431 686 1478 capitis
729 1428 877 1471 dolore,
919 1430 1088 1464 sumitur
1131 1433 1173 1463 et
1214 1432 1352 1463 contra

177 1482 452 1531 scolopendras
479 1488 520 1518 et
540 1495 638 1531 scor]
654 1484 764 1518 iones
793 1484 963 1518 marinos
989 1487 1031 1517 et
1056 1480 1107 1517 ad
1131 1485 1349 1529 serpentes.

176 1534 373 1585 epiphoris
393 1535 570 1572 inlinitur
590 1542 631 1572 et
651 1535 832 1572 omnibus
851 1537 891 1571 in
911 1537 1043 1584 capite
1063 1534 1350 1583 eruptionibus,

226 1620 237 1638 ¹
261 1625 296 1652 et,
312 1621 363 1652 his
381 1622 438 1661 qui
457 1621 631 1662 Mayhoff:
661 1626 696 1652 et
713 1621 764 1652 his
781 1621 890 1652 codd.:
916 1631 958 1651 ne
975 1620 1076 1651 huius
1094 1619 1176 1660 vuly.

224 1664 236 1683 ²
259 1664 353 1694 Num
366 1667 527 1703 pum-tum
540 1667 615 1703 posi.
630 1663 766 1694 feminis
778 1662 993 1703 ponendum?

222 1707 235 1725 ³
258 1707 545 1738 exulcerationem
564 1707 722 1748 Mayhoff
732 1719 739 1738 ε
769 1717 787 1738 e
804 1707 948 1743 ratione,
965 1706 1122 1742 iratione,
1140 1706 1167 1736 si
1185 1705 1352 1736 rationem

180 1750 289 1781 codd.:
323 1750 485 1790 Serapion
505 1755 533 1781 et
554 1750 676 1780 Dalion
698 1750 910 1781 coniecturae.

178 1834 205 1866 le
222 1792 234 1810 ⁴
258 1798 379 1824 curant
400 1793 488 1824 illita
510 1792 667 1834 „Jlayhoff
677 1805 684 1824 t
720 1793 855 1823 curavit
874 1792 933 1823 issa
954 1791 1095 1832 plurimi
1115 1791 1205 1822 codd.
1227 1795 1256 1822 et
1277 1790 1352 1821 Det-

202 1835 290 1876 fsen.

225 1933 239 1948 ‘³
264 1928 318 1965 Or,
344 1929 362 1941 “
378 1928 515 1960 thicken
538 1929 572 1960 in
596 1928 679 1959 both
703 1939 781 1959 men
803 1928 871 1959 and
894 1927 1060 1965 women,’'
1083 1926 1112 1958 if
1131 1927 1189 1957 the
1211 1930 1289 1966 stop
1312 1925 1353 1956 be

179 1972 382 2003 transferred
399 1983 436 2004 so
451 1982 488 2004 as
504 1976 541 2002 to
556 1971 670 2003 follow
678 1971 827 2011 femini-3.

178 2034 224 2069 86
