1469 2299
378 115 568 151 PLINY:
613 113 873 151 NATURAL
908 113 1138 150 HISTORY

168 220 374 254 cacumine
405 230 476 253 suo
508 229 549 253 se
582 221 790 265 propagat.
846 217 992 251 seritur
1023 221 1159 251 autem
1190 217 1342 251 semine

170 271 308 307 melius
331 284 451 319 quam
473 269 604 306 radice
627 275 695 305 aut
717 268 886 310 surculo,
908 270 1059 304 semine
1082 281 1240 317 quoque
1264 281 1342 304 non

167 327 251 360 sine
279 326 464 373 negoti03
503 323 700 372 plantaria
727 321 1034 358 transferuntur.
1090 324 1144 357 sic
1170 327 1211 358 et
1237 321 1342 358 Ado-

169 380 291 420 nium,
328 383 544 426 utrumque
581 381 750 412 aestate.
807 375 947 411 alsiosa
984 377 1089 411 enim
1127 374 1342 411 admodum

168 437 260 467 sunt
289 437 333 467 ut
359 430 440 467 sole
468 436 605 466 tamen
633 432 754 465 nimio
780 428 1004 465 laedantur.
1060 427 1130 463 sed
1159 429 1222 464 ubi
1252 441 1341 464 con—

171 484 342 527 valuere,
392 490 506 520 rutae
556 486 638 519 vice
688 482 890 518 fruticant.
947 481 1168 517 habrotono
1216 482 1343 517 simile

169 538 289 574 odore
313 536 637 573 leucanthemum
662 542 737 578 est,
760 535 855 571 flore
879 535 982 577 albo,
1006 533 1200 571 foliosum.

102 598 134 625 ul
219 591 383 627 XXXV.
415 592 655 627 Amaracum
702 589 861 626 Diocles
906 588 1083 624 medicus
1129 594 1170 624 et
1215 587 1345 624 Sicula

169 657 267 694 gens
304 644 556 694 appellavere
594 642 700 692 quod
737 643 950 692 Aegyptus
988 648 1029 678 et
1065 640 1178 691 Syria
1213 654 1342 690 samp-

169 711 319 734 sucum.
375 700 519 733 seritur
541 703 712 746 utroque
734 708 898 746 genere,
921 701 962 731 et
983 697 1134 731 semine
1158 700 1199 731 et
1221 708 1344 738 ramo,

170 754 340 787 vivacius
376 764 496 800 supra
532 750 647 786 dictis
684 755 726 786 et
762 749 882 785 odore
919 748 1086 785 mollius.
1142 751 1344 797 copiosum

170 818 352 841 amaraco
379 817 507 853 aeque
534 817 654 852 quam
681 803 903 839 habrotono
929 815 1081 843 semen.
1107 802 1177 838 sed
1203 801 1344 838 habro-

170 864 265 895 tono
284 858 394 894 radix
416 871 493 893 una
513 863 572 894 est
592 857 672 893 alte
692 857 953 895 descendens,
971 857 1114 891 ceteris
1134 857 1171 891 in
1190 869 1345 891 summa

172 918 277 948 terra
311 911 453 947 leviter
485 910 686 947 hacrens.¹
744 910 985 959 reliquorum
1015 911 1116 945 satio
1151 915 1344 945 autumno

172 965 253 1001 fere
288 967 505 1013 incipiente
541 977 614 1000 nec
649 977 725 999 non
762 969 804 999 et
837 976 929 999 vere
965 961 1202 1012 quibusdam
1238 962 1344 1005 locis,

172 1019 419 1067 umbraque2
442 1018 621 1068 gaudent
646 1023 685 1054 et
708 1030 809 1067 aqua
830 1030 874 1052 ac
896 1017 999 1052 fimo.

103 1080 142 1106 (52
221 1072 406 1108 XXXVI.
440 1072 715 1121 Nyctegreton
760 1073 864 1106 inter
906 1083 1032 1119 pauca
1074 1071 1240 1105 miratus
1284 1075 1345 1105 est

172 1126 439 1167 Democritus.
461 1125 598 1161 coloris
620 1124 791 1174 hysgini,
813 1123 906 1159 folio
927 1125 1078 1172 spinae,
1101 1135 1174 1158 nec
1195 1136 1217 1158 a
1238 1128 1345 1158 terra

170 1192 212 1216 se
256 1179 532 1216 adtollentem.
589 1180 844 1228 praecipuam
888 1179 927 1213 in
973 1176 1166 1213 Gedrosia
1211 1181 1346 1212 narrat

220 1276 231 1295 ¹
257 1277 398 1307 haerens
435 1275 531 1306 multi
567 1276 657 1306 codd.
688 1280 715 1306 e!
755 1274 918 1314 llmshnff,
956 1274 1014 1314 qui
1051 1273 1192 1304 haerent
1229 1273 1343 1304 malit:

175 1320 394 1350 haerentibus
417 1318 537 1358 Delles
529 1329 591 1349 ·.en

217 1363 229 1381 ²
254 1363 443 1402 umbraque
469 1361 642 1401 llazslmffz
683 1370 769 1400 quae
794 1359 915 1390 umbra
940 1359 1028 1390 codd.
1059 1359 1206 1390 Formeee
1231 1359 1345 1389 omnia

175 1405 305 1435 umbra.
340 1404 582 1444 Theophrastus·
616 1403 705 1434 HNP
742 1403 800 1434 VI.
837 1404 867 1439 7,
900 1404 919 1434 6
951 1401 1076 1433 ἅπαντα
1108 1401 1260 1441 φιλόσκια
1291 1401 1346 1432 καὶ

174 1447 309 1486 φίλυδρα
327 1461 356 1479 κ.
361 1461 388 1477 τ.
393 1446 422 1478 λ.

213 1599 228 1613 ‘³
250 1594 508 1634 Theophrastus
541 1592 647 1630 (H..P
684 1592 742 1623 VI.
777 1594 807 1626 7,
812 1593 844 1627 3)
875 1602 953 1631 8338
983 1589 1284 1630 προμοσχευόμενον
1311 1589 1345 1621 ἐν

169 1636 337 1676 οστράκοις
354 1649 462 1675 ωσπερ
479 1635 509 1666 οἷ
525 1634 703 1668 Ἀδώνιδος
720 1637 817 1674 κῆποι
834 1638 891 1665 τοῦ
904 1633 1024 1673 θέρους.
1073 1634 1171 1674 Pliny
1187 1643 1296 1664 seems
1309 1638 1345 1664 to

171 1681 255 1710 hane
272 1679 420 1715 thoucrht
437 1679 515 1709 that
537 1678 605 1708 this
626 1678 794 1708 reference
815 1682 851 1708 to
873 1677 931 1708 the
953 1677 1077 1707 flower-
1083 1676 1187 1707 boxes
1207 1676 1288 1707 used
1313 1677 1343 1707 in

170 1723 226 1753 the
254 1714 391 1753 festival
420 1721 458 1752 of
483 1721 612 1752 Adonis
640 1731 708 1751 was
736 1731 755 1751 a
784 1721 954 1751 reference
981 1723 1018 1750 to
1047 1730 1067 1750 a
1095 1719 1209 1750 flower
1237 1719 1344 1750 called

167 1766 457 1848 adgnxipgnexpea
481 1806 580 1847 Pliny
603 1810 640 1837 to
668 1810 822 1836 contrast
849 1803 1110 1835 southernwood
1135 1804 1217 1835 with
1242 1807 1344 1834 sweet

172 1850 367 1889 marjoram,
387 1850 448 1880 but
464 1849 597 1880 instead
615 1849 653 1879 of
669 1847 738 1878 this
754 1858 866 1879 comes
882 1859 901 1878 a
918 1847 1087 1878 reference
1103 1851 1140 1878 to
1156 1847 1214 1878 the
1230 1847 1345 1888 plants

169 1894 207 1923 of
220 1893 349 1924 section
373 1893 424 1923 59.
474 1892 582 1932 Pliny,
600 1891 745 1922 without
761 1891 921 1931 thinking
937 1891 975 1920 of
987 1890 1046 1920 the
1061 1900 1227 1930 sequence
1243 1890 1282 1920 of
1293 1890 1344 1920 his

170 1937 329 1977 thought,
350 1937 377 1966 is
396 1917 604 1976 translating
625 1933 893 1987 TheophrastuS‚
910 1932 998 1985 Η.Ρ.
1022 1932 1080 1964 VI.
1104 1935 1134 1968 7,
1151 1935 1171 1963 4
1194 1931 1260 1962 ἔστι
1283 1931 1345 1972 γὰρ

168 1979 275 2017 ὥσπερ
290 1977 481 2018 μοιόρριζον
498 1992 636 2000 -----
654 1975 672 2008 ὁ
687 1975 716 2007 δ’
734 1975 900 2016 ἀμάρακος
920 1975 972 2006 καὶ
992 1974 1010 2006 0'
1029 1974 1214 2014 ἕρπυλλος·
1263 1974 1343 2006 -καὶ

168 2057 238 2089 204
