1469 2299
72 687 130 718 113

75 1114 132 1143 114

76 1381 133 1412 115

362 99 553 136 PLINY:
601 100 861 136 NATURAL
896 99 1129 136 HISTORY

157 203 287 240 detur.
313 202 435 238 occidi
463 216 542 245 eos,
567 205 606 238 in
632 204 721 238 vino
746 201 936 238 decoctae
962 202 1100 238 radicis
1127 216 1277 244 sucum,
1303 205 1331 239 si

155 270 221 292 ore
251 259 515 299 contineatur,
545 255 731 292 dentibus
762 255 924 291 mederi.

206 309 347 345 XLIV.
378 310 480 358 Apio
513 311 642 358 gratia
676 310 714 344 in
749 308 863 358 volgo
898 314 969 344 est.
1028 321 1199 357 namque
1235 311 1329 343 rami

156 362 266 399 lactis
289 363 514 412 potionibus
536 375 607 411 per
628 375 718 397 rura
739 363 923 398 innatant
947 367 986 397 et
1010 363 1048 396 in
1070 361 1333 397 condimentis

156 416 395 465 peculiarem
436 418 605 465 gratiam
647 414 809 451 habent.
866 420 1077 463 praeterea
1117 414 1237 450 oculis
1280 417 1331 450 in-

158 469 270 505 litum
299 483 387 505 cum
416 469 547 511 melle,
575 471 629 504 ita
658 474 700 504 ut
730 468 898 504 subinde
927 467 1136 504 foveantur
1164 467 1334 504 ferventi

157 536 249 559 suco
278 522 445 565 decocti,
475 522 639 570 aliisque
670 522 935 557 membrorum
968 520 1166 570 epiphoris
1195 534 1266 570 per
1294 534 1336 557 se

159 578 298 612 tritum
333 582 401 612 aut
436 589 524 612 cum
559 588 662 624 pane
697 574 756 610 vel
792 574 953 624 polenta
990 576 1204 623 inpositum
1238 576 1336 610 mire

160 629 382 665 auxiliatur.
438 631 563 678 pisces
594 641 766 677 quoque,
795 630 825 664 si
856 633 1067 677 aegrotent
1097 630 1135 663 in
1165 629 1336 676 piscinis,

159 685 247 731 apio
285 682 395 718 viridi
433 688 674 718 recreantur.
730 694 866 717 verum
904 681 1009 730 apud
1047 681 1222 717 eruditos
1259 694 1334 717 non

159 735 265 771 aliud
288 741 445 772 erutum
468 741 575 771 terra
597 738 635 770 in
659 737 806 771 maiore
828 736 1117 771 sententiarum
1142 736 1336 771 varietate

159 795 231 825 est.
286 789 545 838 distinguitur
579 801 689 824 sexu.
745 787 988 838 Chrysippus
1025 787 1213 823 feminam
1251 800 1336 823 esse

159 842 253 878 dicit
279 843 528 891 crispioribus
554 841 654 877 foliis
681 847 722 878 et
747 841 867 884 duris,
893 854 1022 877 crasso
1046 841 1172 884 caule,
1198 854 1337 890 sapore

161 898 237 931 acri
256 902 295 932 et
310 895 474 938 fervido,
490 896 703 945 Dionysius
714 894 726 917 1
743 897 968 943 nigriorem,
982 895 1169 930 brevioris
1183 894 1336 937 radicis,

160 949 391 985 vermiculos
420 951 668 999 gignentem,
698 949 815 984 ambo
844 953 1030 984 neutrum
1059 947 1108 984 ad
1137 948 1242 984 cibos
1271 947 1335 984 ad·

159 1002 416 1043 mittendum,
441 1005 560 1038 immo
584 1004 743 1039 omnino
767 1001 892 1045 nefas,
916 1014 1089 1050 namque
1114 1001 1151 1037 id
1175 1000 1336 1037 defunc-

160 1062 290 1092 torum
324 1056 448 1104 epulis
482 1055 668 1091 feralibus
701 1055 876 1091 dicatum
911 1067 1010 1097 esse,
1043 1056 1145 1090 visus
1179 1067 1337 1103 quoque

159 1109 328 1145 claritati
352 1111 564 1145 inimicum.
620 1108 732 1145 caule
753 1108 926 1145 feminae
947 1107 1179 1144 vermiculos
1196 1107 1336 1157 gigni)

163 1162 332 1211 ideoque
350 1175 415 1199 eos
432 1165 497 1212 qui
516 1163 670 1198 ederint
688 1162 948 1205 sterilescere,
963 1174 1091 1198 mares
1109 1160 1339 1204 feminasve,

161 1219 200 1252 in
216 1218 434 1265 puerperiis
452 1229 543 1252 vero
561 1217 611 1252 ab
629 1229 675 1252 eo
692 1216 779 1252 cibo
795 1214 1013 1252 comitiales
1031 1214 1114 1250 fieri
1132 1216 1198 1263 qui
1216 1215 1338 1250 ubera

161 1269 377 1305 hauriant.2
427 1271 740 1305 innocentiorem
754 1275 890 1305 tamen
905 1281 990 1305 esse
1004 1281 1165 1304 marem.
1212 1280 1338 1317 eaque

160 1336 277 1359 causa
301 1329 359 1359 est
384 1336 433 1359 ne
456 1325 560 1359 inter
582 1322 756 1359 nefastos
780 1321 912 1358 frutex
936 1322 1162 1357 damnetur.
1216 1334 1339 1357 mam-

161 1390 314 1412 marum
348 1376 535 1412 duritiam
570 1378 749 1425 inpositis
783 1375 883 1412 foliis
918 1375 1080 1411 emollit.
1141 1377 1339 1411 suaviores

163 1443 286 1478 aquas
304 1432 416 1479 potui
435 1432 633 1466 incoctum
652 1435 842 1478 praestat.
898 1442 990 1465 suco
1009 1429 1181 1464 maxime
1200 1427 1339 1464 radicis

163 1496 252 1520 cum
290 1485 379 1519 vino
417 1483 640 1519 lumborum
678 1482 831 1519 dolores
870 1484 1042 1531 mitigat,
1078 1481 1218 1518 eodem
1257 1483 1340 1517 iure

164 1536 353 1573 instillato
385 1539 625 1587 gravitatem
658 1538 823 1572 aurium.
879 1537 1030 1572 semine
1063 1537 1215 1571 urinam
1247 1536 1341 1578 ciet,

212 1622 223 1640 ¹
248 1623 326 1654 Post
355 1622 540 1663 Dionysius
569 1627 596 1654 el
626 1622 748 1653 radicis
776 1621 931 1652 lacunam
958 1631 1026 1652 esse
1054 1625 1148 1661 putat
1177 1619 1340 1660 Mayhoff‚

166 1665 223 1706 qui
242 1666 333 1696 visus
351 1690 359 1696 .
379 1690 386 1697 .
407 1689 414 1696 .
433 1666 608 1696 inimicum
627 1670 660 1696 ἰιι
678 1664 899 1704 parenthesim
916 1664 992 1696 dist.
1009 1668 1037 1696 et
1055 1662 1151 1695 caule
1169 1687 1177 1695 .
1197 1687 1204 1694 .
1224 1687 1232 1694 .
1249 1663 1340 1704 gigni

166 1708 262 1739 ‘unci-3
285 1708 436 1739 includit.
484 1708 648 1748 Deflefscn
671 1718 795 1748 sequor.

211 1751 224 1769 ²
248 1751 409 1782 hauriant
428 1751 585 1791 Mayhoff
597 1763 603 1781 :
636 1751 800 1781 hauriunt
818 1750 908 1781 codd.

205 1898 219 1913 ⁰
242 1893 370 1933 Apimn
385 1893 535 1925 includes
552 1893 634 1924 both
653 1892 783 1933 parsley
801 1892 867 1923 and
885 1892 1002 1932 celery.

208 1935 220 1956 ⁶
243 1937 294 1977 By
322 1937 472 1968 “male”
507 1936 575 1968 and
602 1935 786 1967 “female”
822 1935 938 1977 plauts
968 1935 1026 1966 the
1059 1935 1214 1966 ancients
1247 1932 1342 1965 often

165 1979 312 2012 referred
327 1983 364 2012 to
380 1980 539 2012 different
555 1980 691 2021 species,

163 2042 210 2077 66
