1469 2299
126 303 165 333 33

127 654 167 683 34

128 1006 167 1035 35

129 1416 146 1445 3
151 1417 169 1445 6

397 76 563 113 PLINY
577 89 586 112 ε
628 74 892 112 NATURAL
927 73 1163 112 HISTORY

193 192 312 229 posca
332 179 506 216 salutare
529 183 602 214 est.
657 177 789 214 radice
812 178 895 212 eius
916 175 1205 226 circumscalpti
1227 175 1370 213 dentes

194 238 328 275 dolore
350 238 580 273 liberantur.

243 296 350 333 XVI.
381 295 493 346 Syria
523 297 564 331 in
594 293 718 331 hortis
751 295 1040 342 operosissima,
1072 292 1178 329 unde
1211 304 1370 342 quoque

194 358 232 391 in
253 355 505 404 proverbium
520 354 534 377 1
556 353 717 389 Graecis
733 351 861 388 multa
876 351 1062 402 Syrorum
1080 351 1198 387 olera.
1253 350 1371 387 simil-

194 414 327 449 limam
355 412 582 462 staphylino
609 410 776 447 herbam
803 412 899 446 serit
927 423 1046 459 quam
1075 409 1137 445 alii
1166 409 1371 459 gingidion

196 477 350 514 vocant,
396 472 556 507 tenuius
602 475 761 505 tantum
808 474 850 504 et
895 470 1065 504 amarius
1112 467 1371 517 eiusdemque

195 529 371 566 effectus.
428 534 537 565 estur
560 533 716 564 coctum
739 527 986 575 crudumque
1010 525 1201 563 stomachi
1227 539 1372 576 magna

196 589 384 631 utilitate,
404 590 525 624 siccat
545 589 650 623 enim
671 599 719 622 ex
741 586 821 622 alto
841 598 978 622 omnes
998 587 1080 621 eius
1101 597 1269 621 umores.

246 647 374 683 XVII.
404 646 509 682 Siser
530 647 742 682 erraticum
764 647 890 680 sativo
911 643 1038 680 simile
1060 649 1121 680 est
1143 649 1185 680 et
1205 642 1373 679 effectu:

194 705 442 742 stomachum
481 707 647 747 excitat,
685 703 889 739 fastidium
927 703 1134 752 absterget
1172 714 1221 738 ex
1259 707 1374 738 aceto

194 765 446 813 laserpiciato
469 768 674 812 sumptum
698 768 767 798 aut
792 775 840 797 ex
864 764 1002 810 pipere
1026 766 1067 797 et
1090 760 1216 797 mulso
1239 760 1301 796 vel
1324 773 1372 796 ex

194 836 302 872 garo.
358 824 511 858 urinam
541 824 634 864 ciet,
664 827 709 857 ut
740 819 899 869 Ophion
928 819 1069 863 credit,
1101 824 1142 855 et
1171 831 1371 855 venerem.

195 885 232 917 in
263 881 404 917 eadem
433 882 636 917 sententia
665 885 726 916 est
755 885 797 915 et
826 878 999 922 Diocles,
1028 883 1239 927 praeterea
1267 877 1372 913 cordi

195 942 404 976 convenire
426 939 788 976 convalescentium
810 943 880 974 aut
909 943 999 986 post
1028 936 1174 973 multas
1195 938 1373 972 vomitio-

195 1012 264 1035 nes
308 1011 499 1048 perquam
542 997 652 1034 utile.
709 996 940 1033 Heraclides
982 1001 1121 1032 contra
1162 1000 1374 1045 argentum

196 1060 325 1094 vivum
347 1057 473 1100 dedit,
495 1061 536 1092 et
557 1058 691 1092 veneri
712 1055 880 1092 subinde
901 1053 1112 1090 offensanti
1127 1054 1142 1078 ²
1164 1056 1374 1103 aegrisque

196 1129 237 1152 se
270 1115 605 1165 recolligentibus.
662 1114 843 1150 Hicesius
875 1113 965 1149 ideo
997 1111 1203 1149 stomacho
1234 1111 1375 1148 inutile

198 1174 318 1210 videri
343 1174 458 1217 dixit,
482 1175 669 1224 quoniam
693 1186 811 1209 nemo
835 1178 916 1208 tres
940 1174 1080 1208 siseres
1105 1170 1262 1207 edendo
1285 1183 1375 1207 con-

195 1236 386 1275 tinuaret,
406 1246 492 1269 esse
511 1238 649 1268 tamen
668 1231 765 1268 utile
785 1230 1153 1268 convalescentibus
1173 1229 1222 1265 ad
1242 1231 1375 1265 vinum

196 1292 508 1328 transeuntibus.
563 1293 678 1327 sativi
730 1292 914 1339 privatim
965 1302 1081 1326 sucus
1131 1301 1221 1324 cum
1272 1287 1375 1324 lacte

196 1353 356 1399 caprino
382 1355 499 1399 potus
525 1352 630 1386 sistit
656 1348 799 1385 alvum.

246 1409 398 1445 XVIII.
429 1408 482 1444 Et
500 1410 688 1457 quoniam
707 1407 917 1457 plerosque
936 1405 1152 1443 similitudo
1171 1407 1376 1442 nominum

198 1468 440 1504 Graecorum
463 1466 685 1509 confundit,
705 1468 955 1502 conteximus
979 1471 1020 1501 et
1042 1464 1092 1501 de
1114 1464 1188 1506 sili,
1210 1463 1280 1500 sed
1303 1462 1375 1499 hoc

198 1533 259 1563 est
287 1526 476 1575 vulgatae
511 1526 712 1562 notitiae.3
767 1527 964 1574 optimum
995 1523 1260 1565 Massiliense‚
1293 1522 1376 1558 lato

201 1587 305 1621 enim
343 1598 468 1635 grano
506 1590 548 1621 et
585 1583 691 1622 fulvo
729 1589 804 1627 est,
842 1582 1062 1620 secundum
1091 1580 1375 1630 Aethiopicum

247 1671 256 1689 ¹
283 1671 372 1702 unde
395 1681 531 1711 quoque
554 1671 587 1701 in
612 1670 831 1711 proverbium
857 1668 1038 1709 Detlefsen:
1070 1667 1220 1707 undique
1243 1667 1276 1697 in
1302 1676 1375 1706 pro-

203 1714 355 1744 verbium
393 1712 481 1744 codd.
535 1713 692 1754 illa-vllcoff
725 1713 810 1744 coni.
842 1713 962 1752 utique
992 1713 1025 1742 in
1065 1711 1255 1751 proverbio.
1313 1709 1377 1740 Pro

202 1757 353 1796 undique
376 1755 597 1796 Il'arminqton
613 1755 698 1787 coni.
716 1755 806 1786 unde
822 1756 919 1785 venit
934 1753 982 1785 vel
996 1753 1087 1784 unde
1104 1753 1200 1785 abiit.

247 1800 258 1818 ²
284 1810 440 1830 venerem
464 1799 608 1830 subinde
631 1800 858 1829 offensantem
888 1797 1059 1838 Mayhoff:
1084 1796 1198 1827 veneri
1220 1799 1249 1826 et
1272 1794 1374 1825 offen-

204 1846 335 1872 santem
353 1841 440 1872 codd.

247 1886 258 1903 ³
284 1886 341 1916 sed
363 1910 369 1916 .
391 1910 396 1916 .
418 1910 424 1916 .
444 1885 588 1915 notitiae
610 1883 702 1914 uncis
720 1884 796 1915 incl.
817 1883 980 1923 Mayhoff.

628 1957 641 1970 ‘¹
667 1951 727 1982 See
743 1961 801 1992 pp.
819 1951 883 1981 364
896 1950 932 1981 ff.
