1469 2299
120 1837 159 1867 75

390 125 584 165 PLINY:
629 127 890 165 NATURAL
924 128 1158 165 HISTORY

184 228 347 279 liquida,
367 229 517 266 alarum
538 242 696 279 quoque
717 236 758 266 et
777 229 969 266 feminum
988 232 1097 273 vitia,
1117 236 1159 266 et
1177 230 1361 279 capillum

183 301 411 348 crispiorem
428 299 525 343 fieri,
541 313 628 335 raso
644 301 751 348 prius
767 301 913 348 capite,
929 301 958 335 si
976 299 1106 335 radice
1124 312 1171 336 ea
1186 299 1362 343 fricetur,

185 368 311 405 Simos
333 368 483 418 lapides
504 371 658 405 renium
678 371 717 404 in
737 371 827 405 vino
847 369 1013 405 decocta
1032 375 1208 418 potaque
1229 372 1360 406 eximi.

186 438 452 487 Hippocrates
483 441 635 474 semine
667 438 718 474 ad
748 441 922 488 impetus
955 437 1065 474 lienis
1097 438 1181 475 dari
1212 444 1361 475 censet.

184 510 454 544 iumentorum
484 521 644 557 quoque
673 507 806 544 ulcera
834 521 879 544 ac
907 508 1080 544 scabiem
1110 508 1222 544 radix
1251 508 1363 545 inlita

184 583 255 613 aut
276 577 466 614 decoctae
489 591 604 614 sucus
627 577 677 614 ad
698 577 823 626 pilum
845 577 1011 613 reducit.
1067 590 1199 614 mures
1222 578 1363 614 eadem

184 646 388 696 fugantur,
416 660 585 683 caverna
612 647 818 696 praeclusa
846 649 1079 683 moriuntur.

235 716 429 753 XXXIII.
459 715 735 766 Asphodelum
752 717 802 752 ab
820 716 995 752 Hesiodo
1012 716 1172 766 quidam
1191 716 1363 754 halimon

185 785 375 835 appellari
413 789 707 830 existimavere,
745 786 851 836 quod
888 785 1030 822 falsum
1067 787 1247 823 arbitror.
1303 792 1364 823 est

186 858 290 891 enim
310 869 381 892 suo
401 859 560 892 nomine
580 855 768 899 halimon,
788 869 865 892 non
885 858 994 904 parvi
1015 861 1057 892 et
1076 858 1205 905 ipsum
1225 859 1363 892 erroris

186 927 290 961 inter
315 931 509 962 auctores.
565 925 629 961 alii
656 928 761 962 enim
786 925 971 961 fruticem
997 938 1082 961 esse
1108 925 1245 962 dicunt
1269 926 1364 962 den-

185 1008 286 1038 sum,
314 995 542 1038 candidum,
570 998 654 1031 sine
682 998 808 1044 spina,
836 994 937 1030 foliis
965 994 1090 1038 oleae,
1119 995 1189 1031 sed
1216 995 1363 1031 mollio-

186 1065 306 1108 ribus,
344 1068 458 1114 coqui
496 1064 595 1101 haec
632 1065 809 1101 ciborum
845 1067 989 1114 gratia,
1025 1065 1157 1101 radice
1194 1067 1363 1101 tormina

185 1134 328 1170 discuti
353 1133 567 1171 drachmae
591 1134 769 1184 pondere
793 1137 832 1170 in
857 1147 961 1183 aqua
984 1134 1111 1170 mulsa
1134 1140 1243 1184 pota,
1267 1137 1363 1170 item

188 1210 320 1253 rupta,
356 1204 553 1241 convulsa.
609 1204 672 1240 alii
709 1204 792 1240 olus
827 1206 1071 1240 maritimum
1107 1217 1192 1240 esse
1228 1203 1364 1240 dixere

186 1273 333 1310 salsum
358 1280 399 1311 et
422 1274 514 1310 inde
539 1287 698 1318 nomen,
722 1273 822 1310 foliis
846 1276 885 1309 in
909 1274 1201 1310 rotunditatem
1225 1274 1364 1323 longis,

187 1343 393 1380 laudatum
439 1347 478 1380 in
524 1345 631 1380 cibis.
687 1343 856 1380 duorum
902 1349 1113 1392 praeterea
1157 1356 1364 1393 generum,

186 1413 365 1450 silvestre
397 1419 439 1450 et
468 1416 618 1457 mitius,
650 1419 865 1463 utrumque
896 1413 1084 1462 prodesse
1115 1413 1363 1463 dysintericis

186 1486 308 1520 etiam
329 1483 566 1520 exulceratis
585 1497 675 1520 cum
694 1496 812 1533 pane,
831 1482 1036 1519 stomacho
1055 1497 1147 1519 vero
1167 1496 1216 1519 ex
1236 1489 1362 1520 aceto.

186 1553 383 1590 ulceribus
409 1556 578 1590 vetustis
604 1553 713 1589 inlini
739 1553 905 1590 crudum
931 1558 974 1589 et
999 1553 1204 1589 vulnerum
1230 1566 1364 1589 recen—

187 1625 287 1659 tium
313 1626 486 1672 impetus
511 1623 633 1659 lenire
658 1629 700 1659 et
723 1623 949 1659 luxatorum
973 1623 1120 1672 pedum
1144 1636 1188 1659 ac
1210 1625 1364 1659 vesicae

186 1692 352 1729 dolores.
409 1693 577 1730 silvestri
628 1695 811 1730 tenuiora
862 1692 967 1736 folia,
1017 1693 1086 1729 sed
1135 1695 1175 1728 in
1224 1693 1364 1729 iisdem

187 1763 372 1799 remediis
395 1762 560 1799 effectus
581 1765 749 1800 maiores
772 1768 814 1799 et
834 1765 874 1798 in
895 1763 1072 1799 sananda
1094 1761 1297 1799 hominum
1319 1776 1364 1799 ac

186 1846 374 1881 pecorum
417 1833 561 1870 scabie.
617 1838 828 1882 praeterea
872 1835 1042 1869 nitorem
1085 1835 1236 1881 corpori
1281 1833 1362 1869 fieri

350 1966 364 1979 ¹³
386 1962 486 1993 From
504 1962 562 1993 the
580 1962 686 1993 Greek
706 1962 795 1992 word
814 1962 871 1995 ἅλς
889 1962 977 1999 (salt,
996 1972 1033 1992 01·
1049 1966 1128 2000 sea).

347 2004 360 2024 ⁶
385 2006 442 2042 Or,
459 2009 480 2021 “
492 2006 595 2036 shock
607 2005 639 2037 ²³.
688 2006 748 2034 See
764 2005 835 2035 also
852 2015 884 2044 p.
903 2006 975 2042 382,
993 2016 1024 2035 n.
1042 2016 1072 2036 a.

188 2073 258 2109 344
