1469 2299
412 149 608 186 PLINY:
652 150 913 187 NATURAL
948 150 1179 187 HISTORY

212 265 290 288 non
325 257 387 288 est
421 258 602 301 repertos
637 255 703 301 qui
739 252 921 289 dentium
955 252 1111 289 dolores
1161 252 1382 289 inlinendos

211 311 423 342 censerent
451 319 649 342 venenum
680 318 766 342 esse
792 306 1084 354 praedicantes,
1110 312 1232 355 atque
1259 308 1379 342 etiam

211 361 250 394 in
289 359 461 395 oleastro
501 359 788 408 quaerendum.
858 372 879 395 e
926 359 1057 395 radice
1102 360 1215 396 oleae
1261 372 1380 408 quam

214 415 454 448 tenerrimae
485 418 622 448 cortex
657 412 822 449 derasus
855 415 896 448 in
931 412 1008 448 mel
1040 413 1179 449 crebro
1213 418 1378 462 gustatu

212 465 400 502 medetur
455 469 691 516 sanguinem
748 467 1004 502 reicientibus
1061 472 1102 502 et
1157 472 1379 515 suppurata

213 520 540 556 extussientibus.
597 522 717 568 ipsius
764 519 876 555 oleae
924 522 1020 555 cinis
1067 532 1157 556 cum
1204 522 1381 569 axungia

212 578 389 609 tumores
428 579 544 609 sanat
583 572 841 622 extrahitque
881 572 1021 609 fistulis
1060 575 1156 609 vitia
1197 579 1239 609 et
1280 576 1384 622 ipsas

213 632 340 662 sanat.

265 679 451 715 XXXVI.
483 679 622 715 Olivae
652 679 766 715 albae
796 678 1002 716 stomacho
1033 679 1224 723 utiliores,
1256 683 1384 716 ventri

213 735 355 769 minus.
412 733 661 781 praeclarum
698 732 851 769 habent
886 746 1002 769 usum
1039 738 1258 782 antequam
1295 747 1383 770 con-

213 786 375 822 diantur
423 792 606 823 recentes
654 799 726 835 per
772 799 814 822 se
861 787 937 822 cibi
986 786 1104 822 modo
1152 786 1382 823 devoratae.

213 840 429 876 medentur
467 843 572 876 enim
610 839 831 876 harenosae
871 843 1022 883 urinae,
1059 842 1158 876 item
1195 840 1384 877 dentibus

214 906 373 929 carnem
413 893 669 930 mandendo¹
710 893 868 930 adtritis
913 899 984 929 aut
1022 893 1228 930 convolsis.
1273 896 1385 943 nigra

214 947 316 983 oliva
365 946 571 983 stomacho
620 947 811 990 inutilior,
860 949 990 983 ventri
1035 946 1200 990 facilior,
1248 950 1384 995 capiti,

214 1000 335 1036 oculis
354 1014 431 1036 non
450 1003 649 1037 convenit.
706 1006 877 1050 utraque
896 1001 1090 1037 ambustis
1108 1000 1273 1049 prodest
1290 1003 1385 1037 trita

214 1060 255 1090 et
284 1054 409 1090 inlita.
466 1054 537 1090 sed
554 1054 569 1077 2
597 1057 711 1104 nigra
738 1054 1107 1097 commanducatur,
1136 1060 1178 1090 et
1205 1057 1386 1103 protinus

215 1120 264 1143 ex
302 1120 369 1144 ore
414 1110 587 1156 inposita
625 1108 786 1156 pusulas
824 1110 935 1157 gigni
975 1107 1174 1156 prohibet.
1240 1108 1385 1157 colym—

215 1161 338 1197 bades
360 1161 517 1198 sordida
540 1161 673 1198 ulcera
694 1167 883 1211 purgant,
904 1161 1065 1198 inutiles
1087 1161 1387 1198 difficultatibus

216 1227 364 1251 urmae.

268 1268 475 1304 XXXVII.
508 1268 570 1304 De
622 1281 783 1305 amurca
832 1273 1063 1317 poteramus
1114 1267 1237 1304 videri
1288 1271 1384 1306 satis

214 1321 361 1357 dixisse
391 1321 588 1358 Catonern
618 1324 759 1365 secuti,
789 1321 859 1358 sed
889 1321 1096 1358 reddenda
1131 1321 1385 1358 medicinae³

215 1388 375 1423 quoque
407 1375 499 1411 est.⁴¹
554 1378 724 1425 gingivis
765 1380 808 1411 et
846 1377 922 1411 oris
962 1375 1174 1418 ulceribus,
1204 1375 1387 1412 dentium

215 1429 426 1465 stabilitati
451 1429 719 1465 efficacissime
742 1429 943 1471 subvenit,
967 1431 1064 1464 item
1087 1429 1246 1478 ignibus
1269 1431 1387 1465 sacris

215 1481 345 1518 infusa
386 1488 427 1518 et
467 1485 512 1518 iis
553 1495 656 1531 quae
697 1482 897 1531 serpunt.⁵
952 1482 1208 1530 pernionibus
1249 1485 1387 1532 nigrae

215 1535 342 1572 olivae
361 1549 522 1572 amurca
540 1536 686 1579 utilior,
704 1538 802 1572 item
821 1535 1041 1572 infantibus
1059 1535 1254 1579 fovendis,
1273 1536 1387 1572 albae

215 1602 308 1625 vero
341 1589 553 1626 mulierum
585 1589 726 1626 vulvae
760 1592 798 1625 in
833 1589 922 1625 lana
955 1589 1203 1626 admovetur.
1260 1589 1387 1626 multo

216 1648 350 1679 autem
392 1646 518 1679 omnis
557 1656 717 1679 amurca
747 1643 914 1679 decocta
944 1643 1148 1679 efficacior.
1204 1645 1389 1692 coquitur

266 1728 277 1747 ¹
302 1739 436 1760 carnem
470 1728 663 1760 mandendo
697 1729 814 1765 Hard„
850 1727 1008 1770 Dellessen
1024 1741 1030 1758 ε
1065 1739 1163 1758 carne
1197 1728 1389 1759 mandenda

220 1771 247 1801 T
262 1772 434 1811 Maylmff:
461 1782 595 1802 carnem
612 1771 770 1802 audenda
785 1777 842 1802 aut
858 1782 991 1803 carmen
1010 1771 1177 1802 audebam
1195 1772 1282 1803 codd.

264 1815 276 1833 ²
301 1814 407 1845 inlita.
455 1814 528 1854 sed]
546 1815 642 1845 inlita
657 1814 727 1851 illa,
744 1814 801 1845 sed
822 1814 980 1854 Mayhoff.

263 1857 276 1876 ³
299 1858 500 1897 medicinae]
518 1857 685 1888 medicina
700 1857 760 1888 dT.

266 1900 280 1919 ⁴
303 1901 368 1939 est]
386 1901 473 1931 ratio
489 1903 542 1931 est
556 1899 640 1940 ναῖς.

265 1942 277 1961 ⁵
299 1947 441 1984 serpunt
457 1956 464 1974 ε
492 1947 631 1983 serpant
646 1942 808 1983 Mayhoff.

239 2075 260 2110 6
301 2033 315 2047 ‘¹
339 2030 358 2060 I
362 2040 397 2060 .e.
416 2029 499 2059 than
517 2029 602 2060 dark
618 2028 733 2060 olives.
840 2027 851 2046 ὁ
874 2028 935 2060 See
954 2029 1047 2059 Book
1068 2028 1141 2061 XV.
1159 2028 1192 2069 ἐξ
1209 2029 1248 2060 33
1267 2028 1301 2060 ff.

215 2086 237 2119 4
264 2086 283 2110 2
