1469 2299
105 309 145 339 58

109 789 150 819 59

375 92 568 130 PLINY:
614 91 876 129 NATURAL
908 89 1143 127 HISTORY

171 195 371 244 pecudum
397 194 556 231 milibus
584 193 914 230 convenientibus
940 197 986 229 ut
1017 191 1158 242 thymo
1186 203 1348 227 vescan-

170 254 248 285 tur.

222 300 395 338 XXXII.
427 300 480 337 Et
503 312 677 350 conyzae
701 299 780 335 duo
803 311 954 348 genera
976 300 1016 333 in
1039 299 1346 340 coronamentis,

172 368 257 392 mas
274 367 319 390 ac
336 354 497 390 femina.
553 353 804 390 differentia
795 365 834 388 1n
851 351 966 388 folio:
997 353 1157 387 tenuius
1174 349 1347 387 feminae

174 414 215 445 et
258 410 510 444 constrictius
553 409 857 457 angustiusque,
898 405 1152 441 imbricatum
1194 406 1325 440 maris.
1332 405 1345 427 1

174 475 258 498 mas
285 467 327 498 et
350 463 552 498 ramosior.
608 460 678 497 flos
704 472 863 509 quoque
888 460 1014 507 magis
1039 457 1226 507 splendet
1251 459 1348 500 eius,

174 517 371 552 serotinus
388 517 548 564 utrique
566 519 656 563 post
672 519 886 550 arcturum.
942 524 1026 548 mas
1043 511 1163 548 odore
1179 513 1349 561 gravior,

176 569 324 605 femina
360 570 526 611 acutior,
563 573 605 604 et
640 566 731 604 ideo
767 572 905 603 contra
940 566 1161 601 bestiarum
1196 577 1348 601 morsus

176 625 317 671 aptior.
374 621 466 658 folia
497 621 672 657 feminae
701 620 828 656 mellis
859 619 1022 656 odorem
1052 617 1218 661 habent,
1248 630 1350 654 mas-

175 675 288 712 culae
323 675 436 711 radix
471 688 494 710 a
529 674 767 724 quibusdam
804 673 989 709 libanotis
1025 671 1264 721 appellatur,
1298 670 1349 707 de

176 742 256 779 qua
282 728 466 765 diximus.

229 782 423 818 XXXIII.
455 781 716 818 Etiamnum²
755 779 848 816 folio
887 784 1080 815 coronant
1122 777 1224 814 Iovis
1267 776 1351 821 flos,

171 841 412 872 amaracum,
461 828 760 872 hemerocalles,
808 828 1090 873 habrotonum,
1137 829 1353 873 helenium,

170 882 438 972 scisfmbrium,
459 882 691 931 serpullum,
713 885 846 918 omnia
867 883 1067 919 surculosa
1088 896 1200 919 rosae
1221 884 1352 920 modo.

266 948 308 972 re
332 940 492 972 tantum
517 935 650 984 placet
675 934 777 970 Iov1s
802 933 886 977 flos,
910 933 1007 970 odor
1031 934 1159 975 abest,
1184 935 1286 969 sicut
1310 938 1353 969 et

177 988 231 1025 illi
261 991 328 1038 qui
358 988 512 1026 Graece
541 987 662 1038 phlox
692 993 868 1024 vocatur.
924 993 967 1023 et
996 989 1113 1023 ramis
1143 992 1281 1023 autem
1310 992 1352 1023 et

177 1042 270 1079 folio
304 1042 472 1079 odorata
505 1047 599 1078 sunt
633 1046 805 1091 excepto
838 1041 1023 1090 serpullo,
1080 1039 1295 1077 Helenium
1330 1052 1352 1076 e

177 1095 346 1132 lacrimis
376 1095 557 1132 Helenae
585 1095 730 1132 dicitur
757 1100 912 1138 natum,
941 1099 983 1131 et
1010 1093 1100 1130 ideo
1127 1095 1167 1129 in
1196 1093 1352 1130 Helene

177 1149 305 1186 insula
339 1149 670 1186 laudatissimum.
726 1154 789 1185 est
823 1153 960 1184 autem
995 1147 1130 1184 frutex
1165 1146 1275 1183 humi
1309 1159 1352 1183 se

177 1216 368 1253 spargens
392 1203 693 1240 dodrantalibus
715 1202 890 1245 ramulis,
913 1200 1086 1250 serpullo
1107 1200 1222 1237 simili
1246 1199 1351 1237 folio.

228 1256 414 1293 XXXIV.
446 1257 727 1293 Habrotonum
753 1255 874 1293 odore
901 1254 1073 1292 iucunde
1100 1257 1209 1304 gravi
1237 1253 1353 1290 floret

178 1316 350 1354 aestate,
384 1311 520 1347 aurei³
560 1310 711 1347 coloris.
768 1322 936 1346 vacuum
970 1313 1114 1358 sponte
1152 1310 1350 1357 provenit,

181 1396 239 1471 Ml
262 1398 365 1428 maris
391 1408 453 1429 om.
477 1396 574 1428 multi
599 1397 712 1428 codem
746 1396 976 1427 imbricatum.
1023 1405 1096 1426 mas
1119 1399 1153 1425 et
1177 1394 1352 1425 ramosior.

223 1440 450 1514 gygizigfmnum
472 1482 629 1522 Mayhoss
639 1494 646 1513 :
680 1486 715 1512 et
733 1485 872 1512 tantum
892 1481 982 1512 codd.

225 1525 238 1544 ³
260 1525 346 1556 Cum
368 1525 486 1567 dvadd.
509 1524 569 1556 flos
593 1528 644 1555 est
666 1528 742 1555 ante
764 1525 857 1555 aurei
881 1523 1043 1563 Mayhofs,
1065 1523 1121 1562 qni
1145 1532 1270 1562 vagum
1290 1532 1352 1561 pro

180 1577 327 1600 vacuum
343 1570 427 1600 coni.

221 1653 329 1686 ‘'Our
344 1655 478 1685 viscous
495 1653 712 1694 elecampane
729 1653 762 1692 (I
765 1653 846 1684 nula
864 1653 1012 1690 viscosa).

219 1696 231 1717 ¹²
253 1697 324 1729 Our
339 1697 493 1729 fleabane
510 1696 627 1737 (Inula
642 1696 833 1736 palmaria).

224 1741 375 1782 Theop
377 1741 526 1778 hrastus,
536 1740 580 1772 H.
583 1740 623 1772 P.
634 1741 693 1771 VI.
706 1741 724 1759 ⁰
729 1741 779 1773 6.
791 1738 937 1778 οψιανθει
946 1751 1017 1778 περι
1029 1750 1206 1778 αρκτουρον
1217 1749 1270 1767 και
1280 1749 1340 1776 μετ

177 1782 354 1824 ἀρκτοῦρον
353 1752 514 1824 Ρὰδρύνει.
563 1784 729 1814 Arcturus
747 1788 816 1813 sets
842 1783 880 1813 13
904 1782 995 1822 May,
1019 1782 1100 1812 rises
1126 1780 1199 1811 elex
1202 1791 1243 1811 en
1267 1779 1353 1819 days

176 1827 291 1858 before
305 1827 365 1858 the
380 1831 526 1858 autumn
540 1827 701 1867 equinox.
757 1826 832 1863 (See
850 1825 932 1863 11.§
949 1825 1010 1855 124
1029 1823 1097 1854 and
1115 1823 1215 1854 VIII.
1234 1823 1248 1862 §
1265 1824 1353 1860 187.)

221 1869 235 1888 ‘²
258 1870 515 1911 Theophrastus
533 1868 605 1908 (loc.
625 1869 678 1900 cil.
687 1875 694 1907 )
713 1878 792 1909 says
810 1867 889 1898 that
907 1867 966 1898 the
985 1866 1107 1897 female
1126 1866 1187 1897 has
1205 1875 1249 1896 an
1269 1864 1352 1905 ὀσμὴ

177 1913 285 1944 Which
312 1914 340 1944 is
354 1881 537 1952 δριμυτέρα
564 1915 672 1951 (more
696 1914 866 1952 pungent)
892 1908 932 1940 δι’
961 1908 979 1940 ὃ
1007 1908 1059 1940 καὶ
1089 1908 1168 1948 πρὸς
1194 1907 1234 1938 τὰ
1260 1906 1353 1948 θηρία

178 1954 331 1996 χρησίμη.
378 1955 460 1986 This
489 1965 598 1986 seems
627 1959 664 1985 to
693 1953 781 1984 refer
810 1957 847 1984 to
874 1953 933 1984 the
959 1952 1056 1983 smell
1085 1952 1230 1993 keeping
1256 1961 1353 1991 away

175 2027 243 2052 202
