1469 2299
131 503 187 534 105

129 930 188 962 106

415 128 610 166 PLINY:
656 129 917 167 NATURAL
952 130 1185 168 HISTORY

218 233 440 279 inponitur3
492 233 545 267 sic
584 236 625 267 et
662 231 774 275 callo,
811 231 928 267 clavis
965 231 1113 280 pedum
1151 235 1390 281 superrasis3

217 287 453 333 praecipuae
479 284 661 320 utilitatis
686 290 823 321 contra
847 298 969 334 aquas
993 285 1130 328 malas,
1155 286 1388 334 pestilentes

216 344 364 374 tractus
381 338 440 373 vel
457 338 540 374 dies
555 350 563 380 ς
595 340 634 373 in
652 340 762 381 tussi,
779 351 867 381 uva,
884 338 984 374 fellis
1000 341 1125 375 veteri
1142 338 1387 383 suffusione,¹

215 390 448 441 hydropisi‚2
461 392 740 435 raucitatibus;
760 391 969 428 confestim
982 394 1087 428 enim
1098 398 1245 442 purgat
1255 392 1388 429 fauces

216 458 433 494 vocemque
478 445 621 481 reddit.
677 445 871 495 podagras
916 447 955 480 in
999 458 1176 495 spongea
1219 446 1389 482 dilutum

215 512 331 546 posca
360 498 468 534 lenit.
525 498 739 547 pleuriticis
767 501 806 534 in
834 499 1048 534 sorbitione
1077 501 1210 535 vinum
1238 502 1388 548 poturis

213 551 345 594 datur,
373 552 721 593 contractionibus,
749 551 1048 601 opisthotonicis
1076 555 1210 589 ciceris
1238 555 1388 603 magni-

221 605 356 641 tudine
393 618 482 641 cera
518 605 793 641 circumlitum.
848 607 887 641 in
924 608 1069 655 angina
1104 608 1388 655 gargarizatur.

217 658 512 695 anhelatoribus
535 664 577 695 et
597 661 636 694 in
658 661 755 695 tussi
777 664 937 695 vetusta
957 672 1046 695 cum
1068 672 1182 708 porro
1204 672 1253 695 ex
1275 665 1389 697 aceto

216 712 348 755 datur,
377 725 505 761 aeque
534 725 582 748 ex
611 718 725 748 aceto
753 711 811 749 his
840 714 906 761 qui
934 712 1144 762 coagulum
1172 713 1284 749 lactis
1311 726 1389 750 sor-

218 765 388 801 buerint.
443 765 762 814 praecordiorum
816 768 919 802 vitiis
975 768 1217 816 syntecticis,
1272 769 1388 803 comi-

216 819 374 855 tialibus
405 832 494 855 eum
525 822 627 862 vino,
658 821 696 855 in
727 832 831 868 aqua
861 819 987 855 mulsa
1016 819 1176 869 linguae
1206 820 1389 870 paralysi.

215 873 474 909 coxendicum
515 878 556 909 et
596 872 819 909 lumborum
859 872 1057 909 doloribus
1097 886 1187 909 cum
1227 873 1391 910 decocto

214 926 330 962 melle
384 926 573 962 inlinitur.
629 939 706 962 non
759 928 994 969 censuerim,
1048 926 1155 975 quod
1208 932 1390 964 auctores

214 979 399 1023 suadent,
432 981 608 1016 cavernis
642 979 823 1016 dentium
856 982 896 1016 in
929 979 1063 1016 dolore
1096 979 1268 1016 inditum
1301 993 1391 1017 cera

216 1033 375 1076 includi,
406 1046 552 1083 magno
584 1035 860 1082 experimento
890 1032 1058 1070 hominis
1091 1035 1157 1082 qui
1189 1046 1231 1070 se
1263 1046 1311 1070 ea
1341 1033 1391 1071 de

215 1100 333 1122 causa
382 1089 659 1135 praecipitavit
708 1099 757 1122 ex
807 1086 900 1123 alto.
955 1088 1103 1136 quippe
1152 1092 1287 1124 tauros
1335 1089 1391 1123 in-

215 1139 394 1176 flammat
429 1141 588 1177 naribus
623 1140 757 1183 inlitis,
792 1145 1000 1189 serpentes
1035 1139 1278 1177 avidissimas
1312 1143 1390 1176 vini

216 1194 440 1230 admixtum
463 1196 623 1243 rumpit.
678 1193 768 1230 ideo
792 1206 864 1230 nec
887 1196 1052 1243 inungui
1074 1196 1279 1237 suaserim,
1302 1207 1391 1230 cum

218 1249 354 1283 Attico
369 1247 460 1283 licet
475 1247 592 1284 melle
606 1249 865 1297 praecipiant.
921 1260 1019 1296 quas
1032 1246 1182 1284 habeat
1196 1247 1391 1284 utilitates

216 1301 439 1337 admixtum
455 1301 538 1338 aliis
553 1303 790 1337 immensum
807 1306 867 1337 est
882 1300 1044 1344 referre,
1060 1306 1102 1338 et
1116 1314 1186 1338 nos
1201 1301 1392 1351 simplicia

264 1403 274 1420 ¹
298 1404 484 1434 suffusione
501 1404 590 1435 codd.
608 1416 614 1433 :
643 1403 821 1434 suffusioni
840 1403 1002 1443 Mogshnff.

262 1446 274 1464 ²
298 1446 473 1487 hydropisi
487 1451 544 1478 vet.
558 1446 661 1477 eamn:
700 1446 1010 1486 illayhoffappellat
1023 1446 1043 1458 “
1057 1445 1248 1477 vocabulum
1259 1446 1394 1477 omnino

219 1488 453 1520 inusitatnm.'’
499 1489 564 1520 Sed
581 1489 623 1519 cf.
645 1489 724 1519 XX.
745 1490 825 1528 §43.
873 1489 916 1520 In
933 1488 1020 1520 codd.
1038 1487 1154 1528 leqicur
1168 1488 1374 1529 hydropicis,

256 1613 269 1626 ‘²
293 1608 555 1649 Opisthotonus,
599 1607 658 1639 the
697 1607 780 1638 kind
818 1606 857 1638 of
891 1610 1030 1638 tetanus
1069 1617 1161 1638 more
1199 1607 1393 1649 commonly

210 1651 406 1682 mentioned
425 1651 470 1691 by
487 1650 597 1690 Pliny,
623 1661 695 1690 αφ,
719 1650 799 1681 ΧΧ.
823 1651 853 1689 §§
868 1650 920 1686 31,
943 1651 996 1685 36,
1022 1651 1093 1685 154,
1119 1651 1190 1686 197,
1213 1651 1287 1687 228,
1311 1652 1391 1688 239;

214 1694 312 1725 XXI.
333 1695 460 1732 §§120;
494 1693 612 1724 XXII.
632 1694 662 1732 ἓξ
678 1694 731 1730 21,
751 1694 803 1724 75.
849 1691 909 1723 See
924 1692 996 1723 also
1011 1702 1044 1733 p.
1062 1693 1106 1723 xi.

258 1737 269 1755 ὓ
293 1737 373 1767 This
382 1747 450 1766 was
468 1736 638 1777 supposed
655 1737 850 1766 sometimes
859 1739 896 1766 to
907 1735 947 1766 be
956 1735 1115 1766 harmful.
1161 1735 1391 1767 CLXXVIII.

213 1781 226 1818 ξ
245 1781 327 1811 158:
359 1779 389 1809 si
406 1779 578 1819 coafflzlum
595 1778 698 1809 alicui
715 1778 872 1815 nocuerit,
889 1788 968 1809 nam
984 1779 1019 1809 id
1035 1788 1157 1819 quoque
1174 1789 1332 1810 venenum
1348 1783 1392 1810 est

216 1823 251 1853 in
271 1822 379 1862 prima
398 1821 493 1853 lactis
511 1821 747 1862 coaqnlatione.

254 1865 370 1895 cThis
392 1864 502 1895 shows
525 1864 604 1895 that
630 1864 728 1904 Pliny
753 1863 915 1904 regarded
938 1863 1021 1894 such
1043 1863 1158 1903 things
1181 1874 1218 1894 as
1241 1864 1390 1904 vinegar,

210 1908 333 1948 homey,
354 1907 410 1943 oil‚
431 1908 526 1942 wine
547 1917 634 1943 wax,
658 1906 775 1947 barley
795 1906 894 1943 meal‚
914 1905 970 1946 fig,
990 1905 1035 1937 all
1055 1906 1278 1937 mentioned·
1270 1917 1304 1937 m
1324 1907 1393 1938 this

210 1951 352 1991 chapter
378 1960 415 1980 as
446 1950 619 1980 additions
648 1953 685 1980 to
716 1949 776 1980 the
803 1948 901 1985 laser,
929 1959 965 1979 as
993 1959 1083 1979 mere
1111 1949 1218 1986 bases,
1246 1949 1392 1980 without

210 2004 277 2033 any
295 1993 396 2023 effect
414 2003 503 2033 upon
522 1993 581 2023 the
598 1997 719 2023 natura
738 1992 776 2023 of
789 1992 848 2022 the
865 1992 957 2023 main
975 1991 1175 2032 ingredient.

213 2062 283 2109 368
