1469 2299
122 307 178 336 147

126 734 186 765 148

130 1108 188 1139 149

410 91 603 128 PLINY:
650 92 910 129 NATURAL
944 91 1178 129 HISTORY

206 194 502 230 medicamento
547 194 654 243 quod
697 193 1046 243 alexipharmacon
1091 198 1246 230 vocant.
1301 198 1381 229 sto-

207 247 348 284 macho
381 253 518 284 tamen
552 247 693 284 inutile
728 260 814 283 esse
848 252 1051 296 caputque
1085 259 1132 283 eo
1165 246 1305 295 inpleri
1339 252 1382 282 et

208 302 393 337 abortum
432 301 515 337 fieri
554 306 664 350 puto.
721 301 841 349 aliqui
880 306 1031 350 negant
1069 305 1111 336 et
1149 300 1381 349 religionem

208 355 376 398 addunt,
414 355 481 390 ubi
518 357 727 390 inventum
764 357 828 397 sit,
866 356 1046 402 protinus
1084 353 1382 403 adalligandum

208 414 346 444 contra
363 408 565 444 oculorum
583 407 830 450 suffusiones,
846 407 1149 456 cavendumque
1168 419 1217 442 ne
1233 412 1382 443 terram

209 464 398 511 attingat.
454 460 493 497 hi
515 467 556 498 et
576 460 669 497 folia
690 463 774 497 eius
794 460 934 511 thymo
955 460 1095 497 similia
1116 460 1296 503 tradunt,
1312 463 1383 496 nisi

210 515 317 564 quod
344 515 522 551 molliora
550 520 643 551 sunt
671 520 714 551 et
740 514 934 550 lanatiore
963 516 1121 550 canitie.
1177 527 1266 550 cum
1294 519 1383 549 ruta

210 569 378 605 silvestri
421 574 463 604 et
503 570 534 604 si
576 573 731 604 teratur
772 581 822 604 ex
864 581 968 617 aqua
1008 567 1185 610 caelesti,
1227 566 1384 616 aspidas

209 624 395 671 mitigare
430 622 588 662 dicitur.
618 627 660 658 et
693 635 773 657 non
806 634 918 657 secus
948 626 1071 670 atque
1105 621 1281 670 cyanusl
1315 620 1384 657 ad-

210 678 371 722 stringit
403 681 445 712 et
475 674 636 712 cohibet
667 675 830 711 vulnera
861 673 1128 724 prohibetque
1160 686 1332 722 serpere.

265 729 464 765 LXXXV.
494 728 760 778 Holochrysos
810 728 997 765 medetur
1045 730 1296 777 stranguriae
1345 729 1384 762 in

213 785 318 826 vino,
344 788 386 819 et
411 782 613 819 oculorum
641 781 840 831 epiphoris
865 781 1014 824 inlitu,2
1038 794 1127 818 cum
1156 780 1267 817 faece
1294 793 1386 817 vero

211 838 290 872 vini
314 841 492 872 cremata
517 841 559 872 et
583 835 747 884 polenta
769 835 945 872 lichenas
970 835 1172 871 emendat.
1228 833 1387 884 chryso-

210 902 342 926 comes
371 889 483 926 radix
511 889 670 926 calfacit
698 895 739 926 et
767 889 993 939 adstringit.
1049 888 1168 925 datur
1195 890 1307 937 potui
1336 887 1386 923 ad

214 945 431 979 iocinerum
472 945 582 986 vitia,
622 946 721 979 item
763 942 1010 992 pulmonum,
1051 941 1191 978 vulvae
1232 941 1387 977 dolores

215 999 254 1032 in
280 1010 384 1046 aqua
408 996 536 1033 mulsa
560 996 738 1033 decocta.
793 998 874 1033 ciet
897 1001 1117 1039 menstrua,
1144 1001 1185 1031 et
1210 997 1240 1030 si
1266 994 1388 1031 cruda

213 1050 346 1093 detur,
367 1050 674 1100 hydropicorum
697 1063 855 1099 aquam.

267 1103 488 1140 LXXXVI.
521 1103 823 1153 Melissophyllo
841 1105 922 1140 sive
941 1102 1177 1139 melittaena
1196 1104 1226 1138 si
1246 1114 1389 1150 perun-

214 1164 390 1206 guantur
422 1157 511 1201 alvi‚
544 1171 622 1194 non
654 1156 812 1207 fugient
843 1169 954 1206 apes,
985 1155 1092 1192 nullo
1126 1157 1231 1191 enim
1262 1157 1389 1204 magis

215 1210 309 1247 flore
334 1211 527 1262 gaudent.
583 1213 709 1260 scopis
736 1213 819 1247 eius
845 1212 1030 1247 examina
1055 1209 1241 1246 facillime
1265 1211 1389 1245 conti-

216 1270 373 1302 nentur.
429 1265 536 1301 idem
582 1266 951 1314 praesentissimum
997 1268 1059 1299 est
1104 1268 1243 1299 contra
1288 1264 1389 1298 ictus

219 1331 355 1355 earum
385 1331 677 1368 vesparumque
709 1323 750 1354 et
780 1317 979 1360 similium,
1009 1319 1111 1353 sicut
1142 1328 1391 1358 araneorum,

262 1413 273 1432 ¹
296 1423 426 1453 cyanus
443 1423 517 1443 cam
540 1412 629 1443 codd.
651 1412 835 1452 Detlefsen:
868 1412 1005 1451 cytinus
1029 1411 1207 1445 Barbarus,
1229 1409 1391 1449 Mayhoff.

263 1456 275 1474 ²
298 1455 397 1486 inlitu
423 1455 592 1496 Mayhosf:
631 1455 768 1486 inlitum
792 1454 935 1494 (inlitus,
958 1453 1070 1492 inlita)
1092 1453 1181 1484 codd.
1203 1452 1341 1492 plurimi
1365 1456 1393 1483 et

219 1499 290 1530 edd.
307 1511 313 1530 :
345 1499 444 1530 inliti]
466 1507 553 1528 unus
567 1497 634 1528 cod.

265 1622 279 1636 ⁰
303 1618 362 1649 I.e.
386 1617 406 1630 “
420 1617 480 1648 the
501 1616 694 1647 warder-off
716 1615 755 1646 of
772 1615 929 1657 poison.”

270 1661 281 1680 θ
306 1661 321 1691 Ι
344 1660 426 1691 take
448 1660 508 1691 the
530 1665 559 1691 et
580 1662 618 1690 to
642 1659 683 1690 be
705 1659 764 1689 the
787 1657 980 1699 postponed
1003 1662 1031 1689 et
1054 1667 1211 1688 common
1230 1657 1263 1686 in
1283 1655 1394 1696 Pliny,

219 1703 351 1744 though
370 1703 448 1734 here
466 1704 494 1734 it
512 1703 539 1734 is
557 1702 740 1742 unusually
757 1701 837 1732 late.
883 1700 1010 1731 “With
1034 1700 1109 1730 wild
1135 1710 1206 1734 rue,
1229 1697 1298 1729 and
1322 1698 1352 1729 if
1366 1698 1395 1729 it

223 1747 262 1777 be
283 1745 444 1787 pounded
464 1746 498 1777 in
519 1745 751 1781 rain-water,'’
772 1743 884 1775 would
905 1743 1004 1774 make
1025 1742 1093 1773 odd
1113 1752 1219 1773 sense.

268 1794 279 1809 ⁶
302 1789 410 1820 There
429 1789 457 1820 is
477 1788 579 1819 much
600 1791 637 1819 to
659 1787 700 1818 be
719 1787 793 1817 said
814 1787 866 1817 for
885 1786 944 1817 the
963 1785 1019 1816 old
1038 1786 1233 1825 conjecture
1253 1783 1394 1823 cytinus,

220 1832 383 1873 accepted
401 1832 447 1872 by
463 1831 629 1872 Mayhoff,
645 1830 744 1871 calyx
762 1830 800 1860 of
812 1830 871 1860 the
887 1831 1141 1870 pomegranate.
1187 1827 1238 1858 Cf.
1256 1826 1394 1857 XXIII.

223 1877 236 1914 ξ
253 1877 311 1906 111
329 1887 336 1906 :
368 1875 468 1906 iidem
485 1874 590 1914 cytini
606 1873 720 1904 siccati
737 1872 866 1912 tritique
883 1882 997 1903 carnes
1012 1875 1224 1902 excrescentes
1239 1869 1394 1901 cohibent.

265 1917 278 1936 α
301 1918 373 1948 The
392 1927 489 1948 sense
509 1918 536 1947 is
557 1916 657 1952 clear,
678 1915 845 1956 although
864 1915 923 1945 the
943 1914 1095 1954 reading,
1116 1913 1226 1953 owing
1246 1915 1283 1943 to
1303 1922 1396 1942 some

222 1961 441 2001 uncertainty
454 1959 562 1991 about
578 1959 637 1990 the
653 1958 780 2000 gender
796 1957 834 1989 of
847 1957 1062 1997 holochrysos,
1079 1957 1106 1987 is
1124 1966 1206 1996 very
1223 1954 1396 1986 doubtful.

224 2021 292 2056 266
