1469 2299
433 148 627 185 PLINY:
672 149 935 186 NATURAL
969 149 1203 187 HISTORY

231 249 392 286 modum
433 257 662 287 excesserat
701 251 945 287 medicorum
994 254 1031 287 in
1072 251 1130 287 his
1170 255 1404 295 ostentatio,

230 304 354 340 veluti
374 317 397 340 a
415 306 528 353 napis
548 306 683 340 vinum
704 305 802 341 utile
823 318 909 341 esse
929 305 979 341 ab
1000 318 1199 341 armorum
1219 308 1402 354 equitan-

230 357 320 393 dive
355 357 590 394 lassitudine
626 360 960 406 praecipientium
996 364 1134 407 atque,
1169 364 1214 395 ut
1249 359 1401 408 reliqua

230 413 479 454 omittamus,
500 414 623 447 etiam
645 424 666 447 e
686 413 869 460 iunipiro.
926 418 968 448 et
988 414 1075 460 quis
1095 414 1220 448 satius
1240 418 1404 448 censeat.

231 464 451 513 apsinthite
493 467 583 501 vino
625 465 822 501 utendum
864 468 996 514 potius
1038 478 1159 514 quam
1201 465 1400 514 apsinthio

231 520 315 566 ipso
329 517 343 553 ?
366 520 405 554 in
419 518 581 567 reliquis
593 521 807 555 omittatur
821 524 863 554 et
877 519 1080 567 palmeum
1091 521 1212 567 capiti
1226 521 1404 561 noxium,

231 573 443 620 ventrique
466 577 627 608 tantum
650 572 865 608 molliendo
888 578 931 608 et
952 574 1190 622 sanguinem
1213 585 1403 608 excrean-

162 631 202 660 53
231 625 338 661 tibus
362 638 440 661 non
463 625 618 661 inutile.
675 625 863 662 ficticium
887 639 966 662 non
989 631 1125 675 potest
1148 625 1272 662 videri
1297 625 1404 675 quod

231 678 324 714 bion
362 679 665 727 appellavimus,
703 692 794 715 cum
832 681 884 715 sit
921 681 961 715 in
1000 691 1047 716 eo
1085 678 1168 716 sola
1205 692 1276 728 pro
1315 684 1402 716 arte

232 731 451 768 festinatio.
507 732 672 781 prodest
710 732 917 769 stomacho
955 732 1149 769 dissoluto
1188 737 1258 769 aut
1296 733 1404 769 cibos

232 799 309 821 non
337 785 576 835 perficienti,
598 787 931 836 praegnantibus,
952 785 1136 829 defectis,
1161 785 1405 836 paralyticis,

232 839 427 883 tremulis,
483 842 685 889 vertigini,
748 840 1000 883 torminibus,
1058 839 1291 876 ischiadicis.
1365 842 1405 876 in

232 892 465 941 pestilentia
479 906 640 942 quoque
656 906 701 929 ac
716 894 1108 943 peregrinationibus
1123 895 1202 929 vim
1216 906 1406 943 magnam

231 946 449 983 auxiliandi
469 946 619 982 habere
641 947 798 983 dicitur.

162 1004 203 1035 54
284 1000 453 1036 XXVII.
484 1000 574 1036 Vini
610 1003 733 1036 etiam
767 1003 909 1037 vitium
943 1002 1090 1036 transit
1122 1002 1162 1036 in
1195 999 1404 1037 remedia.1

230 1059 346 1090 aceto
380 1067 535 1090 summa
569 1056 626 1090 vis
660 1059 723 1090 est
755 1057 795 1090 in
829 1053 1119 1103 refrigerando,
1153 1067 1232 1090 non
1266 1059 1405 1090 tamen

230 1109 358 1143 minor
376 1110 416 1143 in
436 1107 711 1149 discutiend03
745 1110 803 1144 ita
822 1107 868 1143 fit
888 1113 933 1144 ut
952 1106 1082 1144 infuso
1102 1112 1211 1143 terra
1229 1112 1402 1156 spumet.

230 1160 382 1197 dictum
417 1167 478 1197 est
516 1164 675 1210 saepius
708 1161 945 1210 diceturque
979 1163 1166 1210 quotiens
1198 1174 1288 1197 cum
1321 1161 1405 1197 aliis

231 1217 367 1263 prosit.
423 1227 495 1263 per
522 1227 564 1251 se
592 1214 782 1251 haustum
811 1214 972 1251 fastidia
1000 1214 1179 1257 discutit,
1207 1214 1405 1264 singultus

230 1267 406 1311 cohibet,
423 1273 703 1304 sternumenta
721 1267 971 1304 olfactatum.
1027 1270 1067 1304 in
1083 1267 1250 1304 balineis
1268 1273 1403 1304 aestus

231 1327 354 1365 arcet,
376 1324 406 1357 si
427 1324 684 1358 contineatur
703 1334 783 1358 ore.
840 1324 935 1371 quin
957 1327 1000 1358 et
1019 1334 1109 1358 cum
1130 1334 1235 1371 aqua
1254 1322 1405 1358 bibitur

230 1375 447 1411 multorum
493 1375 700 1412 stomacho
738 1375 893 1412 utiliter
929 1375 1294 1412 convalescentium
1333 1374 1405 1411 et²

162 1435 202 1463 55
230 1431 507 1478 gargarizatur
536 1442 627 1465 cum
659 1428 801 1465 eadem
832 1442 855 1465 a
885 1429 976 1465 solis
1006 1429 1225 1465 ardoribus.
1281 1428 1403 1465 oculis

231 1495 391 1531 quoque
437 1482 502 1519 illo
547 1482 665 1519 modo
710 1482 1016 1520 saluberrimum
1061 1481 1161 1518 fotu.
1216 1482 1404 1518 medetur

230 1539 333 1584 potis
366 1535 628 1579 hirudinibus,
659 1539 758 1572 item
790 1536 922 1585 lepris,
943 1535 1175 1579 furfuribus,
1206 1535 1404 1572 ulceribus

230 1590 501 1633 manantibus,
545 1592 653 1626 canis
696 1591 906 1632 morsibus,
949 1592 1201 1638 scorpionum
1243 1589 1402 1631 ictibus,

230 1643 597 1692 scolopendrarum,
635 1646 756 1679 muris
795 1645 929 1679 aranei
968 1649 1188 1691 contraque
1225 1645 1401 1679 omnium

231 1696 504 1733 aculeatorum
559 1709 715 1732 venena
769 1702 812 1733 et
865 1699 1056 1746 pruritus,
1109 1699 1209 1732 item
1262 1701 1401 1732 contra

281 1774 292 1792 ¹
316 1774 395 1805 Non
409 1779 480 1814 post
494 1773 643 1805 remedja
658 1775 713 1805 sed
726 1779 799 1814 pos!
813 1778 910 1805 aceto
926 1773 999 1805 dist.
1019 1773 1181 1813 Mayhoff.

278 1817 290 1836 ²
315 1817 625 1848 convalescentium
651 1821 686 1848 et
714 1821 785 1857 pos!
811 1817 929 1848 eadem
957 1818 1046 1848 codd.
1064 1829 1071 1847 τ
1108 1827 1162 1856 eqo
1190 1815 1381 1856 transposui
1393 1828 1400 1846 :

234 1860 307 1891 dist.
322 1860 384 1890 alii
397 1860 491 1891 aliter
504 1861 573 1892 edd.
592 1861 620 1891 F
623 1865 741 1891 ortasse
755 1860 829 1891 latet
843 1860 960 1890 lacuna
976 1864 1048 1890 ante
1063 1870 1083 1889 a
1097 1859 1175 1890 solis
1189 1858 1376 1890 ardoribus.

270 1951 284 1965 ‘²
308 1946 328 1977 I
331 1957 367 1978 .e.
389 1950 425 1977 at
446 1946 504 1977 the
524 1947 607 1977 time
629 1946 724 1977 when
745 1946 804 1977 the
824 1946 963 1986 making
983 1946 1021 1976 of
1038 1945 1132 1976 these
1153 1945 1254 1976 wines
1275 1944 1403 1976 ceased.

230 1990 378 2064 Ρεξὶιὲιὲἰὶε
385 1989 625 2073 ἒῗζξεξθξξὴθ
642 1989 831 2030 pluperfeet
846 1990 874 2020 is
890 1989 1026 2020 aoristic
1042 1988 1108 2020 like
1124 1988 1249 2020 dixerat
1264 1988 1403 2020 Aeneas.

225 2097 296 2135 450
