1469 2299
142 283 199 313 161

145 708 206 740 162

142 1081 202 1112 163

430 121 596 158 PLINY
614 134 626 157 1:
673 120 935 158 NATURAL
969 119 1203 156 HISTORY

234 224 466 273 pusularum
512 225 767 271 pituitaeque
811 235 901 257 cum
945 227 1081 257 cerato
1126 221 1318 263 inlinitur,
1363 226 1404 256 et

231 283 370 313 contra
400 276 627 325 phalangia.
683 275 870 324 capillum
900 274 1099 323 denigrat.
1156 274 1281 310 lenius
1311 287 1404 310 suco

231 331 363 366 oleum
395 336 456 366 est
486 343 534 365 ex
567 329 708 365 eadem
739 334 885 377 myrto,
918 328 1042 363 lenius
1072 332 1114 363 et
1144 330 1293 370 vinum,
1323 340 1402 376 quo

230 396 449 432 numquam
471 383 733 418 inebriantur.
788 384 1060 417 inveteratum
1081 383 1186 416 sistit
1207 380 1339 416 alvum
1361 385 1403 416 et

231 436 497 479 stomachum,
512 438 685 471 tormina
701 441 831 477 sanat,
845 434 1052 470 fastidium
1066 434 1205 483 abigit.
1221 433 1405 470 foliorum

232 493 433 526 arentium
474 489 602 525 farina
640 488 804 524 sudores
844 487 1006 524 cohibet
1045 490 1225 535 inspersa
1263 487 1327 523 vel
1365 489 1405 522 in

231 543 348 586 febri,
367 543 474 579 utilis
494 548 536 578 et
553 541 749 584 coeliacis,
768 541 1044 589 procidentiae
1062 540 1283 583 vulvarum,
1300 540 1405 577 sedis

230 599 350 639 vitiis,
375 596 572 632 ulceribus
594 596 867 637 manantibus,
889 597 971 644 igni
995 606 1106 630 sacro
1128 592 1230 637 fotu,
1253 593 1403 642 capillis

230 649 462 691 fluentibus,
518 648 751 691 furfuribus,
807 650 906 684 item
974 647 1058 683 aliis
1115 647 1405 696 eruptionibus,

235 704 441 739 ambustis.
498 702 660 738 additur
698 704 739 737 in
777 701 1076 737 medicamenta
1115 713 1220 749 quae
1259 700 1402 749 liparas

232 762 376 793 vocant
402 755 545 792 eadem
571 755 622 791 de
647 767 768 791 causa
793 767 873 803 qua
897 754 1031 790 oleum
1057 766 1107 790 ex
1133 753 1192 790 his
1220 753 1404 790 efficacis-

230 813 374 846 simum
393 809 443 846 ad
463 822 510 845 ea
528 821 633 857 quae
650 811 691 844 in
708 820 847 844 umore
865 813 973 850 sunt,
991 813 1201 856 tamquam
1218 810 1259 843 in
1277 820 1345 844 ore
1364 813 1406 844 et

231 863 359 899 vulva.
415 862 509 899 folia
535 865 621 911 ipsa
647 861 781 911 fungis
808 861 1073 898 adversantur
1099 863 1197 897 trita
1223 873 1274 897 ex
1302 864 1406 904 vino,

230 930 320 953 cum
347 928 439 952 cera
464 928 557 952 vero
584 914 820 951 articulariis
846 915 994 951 morbis
1021 919 1064 950 et
1089 913 1403 950 collectionibus.

233 970 375 1006 eadem
410 972 450 1005 in
484 971 575 1005 vino
609 968 778 1005 decocta
811 967 1065 1018 dysintericis
1101 973 1143 1004 et
1177 967 1403 1017 hydropicis

230 1025 343 1072 potui
361 1023 521 1059 dantur.
576 1024 777 1058 siccantur
792 1023 833 1057 in
850 1021 1021 1057 farinam
1039 1034 1143 1070 quae
1161 1023 1407 1070 inspergitur

230 1077 428 1113 ulceribus
441 1081 513 1112 aut
532 1074 875 1124 haemorrhagiae.
931 1080 1108 1124 purgant
1121 1080 1163 1110 et
1176 1074 1406 1124 lentigines,

230 1132 418 1179 pterygia
437 1135 479 1165 et
497 1128 742 1179 paronychia
762 1134 803 1164 et
822 1128 1090 1178 epinyctidas,
1108 1127 1406 1177 condylomata,

230 1189 372 1226 testes,
397 1188 505 1219 tetra
529 1182 677 1225 ulcera,
699 1185 800 1218 item
825 1182 1012 1218 ambusta
1035 1194 1126 1217 cum
1150 1187 1300 1217 cerato.
1357 1181 1407 1217 ad

229 1249 345 1273 aures
364 1236 599 1285 purulentas
618 1241 661 1272 et
678 1235 780 1272 foliis
799 1237 985 1271 crematis
1004 1240 1176 1270 utuntur
1193 1240 1235 1270 et
1253 1247 1346 1271 suco
1365 1240 1407 1271 et

229 1290 410 1327 decocto.
465 1290 756 1326 comburuntur
774 1295 816 1325 et
833 1291 872 1325 in
891 1288 1090 1329 antidota,
1107 1290 1207 1324 item
1224 1287 1405 1323 cauliculi

230 1344 297 1380 inl
319 1343 416 1380 flore
436 1343 618 1392 decerpti
640 1348 682 1379 et
702 1346 742 1378 in
764 1342 873 1378 fictili
895 1355 996 1378 novo
1017 1347 1159 1390 operto
1179 1343 1345 1377 cremati
1367 1343 1405 1377 in

228 1396 361 1441 furno,
380 1397 474 1434 dein
493 1399 579 1433 triti
600 1409 649 1433 ex
669 1398 773 1432 vino.
830 1401 871 1431 et
892 1396 1086 1431 ambustis
1106 1394 1290 1430 foliorum
1310 1397 1406 1430 cinis

229 1452 430 1490 medetur.
486 1453 637 1500 inguen
654 1452 686 1486 si
700 1449 714 1472 2
732 1452 977 1485 intumescat
995 1461 1045 1484 ex
1063 1447 1211 1490 ulcere,
1229 1450 1325 1484 satis
1345 1454 1406 1483 est

278 1549 291 1567 ¹
314 1549 349 1579 in
364 1548 439 1578 add.
459 1546 495 1578 C.
514 1547 554 1578 F.
579 1546 624 1577 W.
644 1545 788 1577 Μᾶίἷενε
819 1556 881 1576 om.
899 1545 987 1576 codd.

275 1591 288 1609 ²
313 1593 436 1633 inguen
453 1590 481 1621 si
493 1589 548 1626 V²,
562 1588 744 1630 Dellejsen:
770 1589 892 1629 inguen
907 1598 948 1618 ne
964 1586 1060 1628 vul9„
1075 1586 1230 1627 Mayhoff
1238 1599 1244 1617 :
1270 1587 1405 1628 inguem

231 1639 266 1666 et
282 1634 351 1666 V12
376 1634 513 1674 inguine
530 1632 578 1663 E:
609 1633 643 1663 in
660 1640 774 1671 unque
791 1636 825 1662 et
842 1630 874 1662 d.

267 1746 281 1761 ⁰
304 1741 370 1772 For
395 1740 541 1782 pterygia
568 1749 622 1770 see
649 1743 729 1770 note
756 1749 801 1769 on
827 1739 842 1777 ἕ
865 1738 896 1774 9,
924 1737 992 1767 and
1018 1736 1070 1767 for
1096 1736 1257 1777 epinyctis
1282 1747 1315 1778 p.
1344 1737 1406 1767 499

230 1783 454 1867 nzoelrdi.spite
475 1825 514 1856 of
536 1824 596 1855 the
617 1823 725 1860 order,
747 1834 786 1854 ex
806 1823 883 1854 vino
911 1826 1003 1853 must
1024 1832 1066 1863 go
1088 1821 1169 1852 with
1192 1821 1270 1853 triti.
1326 1822 1405 1852 This

224 1870 350 1901 throws
371 1879 463 1900 some
487 1867 597 1898 doubt
618 1877 662 1898 on
685 1867 744 1897 the
767 1870 868 1897 exact
891 1866 1048 1906 meaning
1071 1866 1104 1896 in
1128 1875 1232 1905 many
1248 1874 1404 1905 passages

224 1913 263 1944 of
279 1913 378 1952 Pliny
396 1912 506 1942 where
524 1910 582 1941 the
601 1908 844 1950 prepositional
863 1908 984 1949 phrase
1003 1908 1112 1944 could,
1132 1918 1169 1938 as
1187 1908 1238 1938 far
1256 1918 1293 1938 as
1311 1918 1405 1938 sense

224 1966 314 1996 goes,
341 1955 381 1986 be
406 1954 510 1986 taken
535 1952 643 1985 either
668 1952 749 1983 with
774 1952 832 1983 the
858 1950 1034 1993 participle
1059 1961 1096 1981 or
1122 1951 1203 1981 with
1227 1950 1286 1981 the
1310 1950 1405 1981 finite

226 1998 319 2030 verb.

231 2070 301 2108 524
