1469 2299
104 198 165 228 ‘243

106 690 168 719 244

108 1308 168 1337 245

399 91 593 128 PLINY:
637 91 898 129 NATURAL
931 91 1165 129 HISTORY

194 196 233 229 in
268 193 333 230 die
369 194 576 230 sorbeatur
611 196 650 230 in
687 206 814 242 aquae
849 193 1006 243 cyatho.
1062 193 1229 230 virilium
1264 196 1367 231 vitiis

193 261 325 291 tusum
350 269 438 291 cum
462 254 580 291 melle
603 257 701 291 mire
724 254 898 304 prodest.
953 254 1126 291 lichenas
1149 261 1293 305 purgat
1318 268 1366 292 ex

194 323 321 360 aceto,
365 319 503 366 ruptis,
542 316 746 360 convolsis,
785 318 978 365 spasticis,
1017 318 1143 353 nervis
1181 316 1366 353 salutare.

193 385 331 427 potum
352 378 481 414 alvum
501 377 614 414 solvit
634 391 723 414 cum
741 377 823 414 sale
843 383 882 414 et
903 383 1030 421 aceto,
1050 379 1146 414 item
1167 384 1367 415 menstrua

195 446 234 475 et
264 439 456 476 secundas
486 439 707 475 mulierum.
763 439 873 475 arida
901 438 1027 475 farina
1055 452 1143 476 cum
1173 439 1290 476 melle
1319 440 1368 476 ad

194 504 332 537 tussim
359 504 501 537 siccam
529 501 795 537 efficacissima
822 506 896 544 est,
923 503 1020 537 item
1046 500 1095 537 ad
1122 514 1369 551 gangraenas

195 568 236 599 et
278 565 474 613 pteiygia.
530 576 643 599 sucus
687 575 778 598 vero
821 562 1001 598 auriculis
1045 568 1084 598 et
1128 563 1286 599 naribus
1328 569 1368 599 et

195 625 331 660 morbo
358 627 467 674 regio
493 624 815 673 minuendaeque
840 623 906 659 bili
934 637 1022 660 cum
1051 623 1168 660 melle
1195 624 1368 673 prodest,

196 688 291 721 item
317 692 453 722 contra
478 699 629 721 venena
655 687 759 721 inter
782 698 905 734 pauca
931 691 1085 734 potens.
1140 688 1222 734 ipsa
1248 684 1368 722 herba

195 746 442 783 stomachum
463 753 502 783 et
523 749 795 783 excreationes
814 749 984 796 pectoris
1003 753 1146 797 purgat
1165 760 1252 783 cum
1274 747 1369 783 iride

196 815 236 845 et
270 808 400 852 melle,
433 811 585 845 urinam
618 811 710 852 ciet,
742 808 918 845 cavenda
950 814 1087 845 tamen
1119 808 1370 845 exulceratae

195 873 349 906 vesicae
373 876 413 907 et
436 873 589 906 renium
611 872 727 906 vitiis.
782 870 926 906 dicitur
947 883 1061 906 sucus
1085 875 1126 906 et
1147 870 1368 906 claritatem

195 931 395 968 oculorum
439 932 638 968 adiuvare.
694 931 833 968 Castor
876 932 1060 968 marrubii
1104 931 1182 968 duo
1223 945 1370 981 genera

197 993 333 1035 tradit,
358 996 513 1043 nigrum
540 999 581 1030 et
606 993 711 1043 quod
737 995 862 1041 magis
887 993 1028 1042 probat
1053 993 1277 1030 candidum.
1333 996 1371 1030 in

196 1068 312 1091 ovum
335 1057 452 1091 inane
473 1069 609 1091 sucum
632 1054 742 1091 addit
765 1057 795 1090 is
818 1057 1025 1104 ipsumque
1047 1068 1163 1091 ovum
1185 1054 1371 1098 infundit,

197 1117 274 1152 mel
292 1119 428 1166 aequis
446 1117 706 1166 portionibus,
724 1116 972 1166 tepefactum
988 1119 1156 1153 vomicas
1174 1130 1371 1166 rumpere,

196 1191 380 1228 purgare,
420 1191 633 1228 persanare
675 1181 925 1227 promittens,
968 1177 1086 1214 inlitis
1129 1180 1250 1214 etiam
1292 1178 1371 1215 vul-

197 1241 355 1276 neribus
382 1254 402 1276 a
429 1253 526 1276 cane
553 1239 666 1276 factis
692 1246 782 1277 tuso
807 1254 895 1276 cum
923 1242 1093 1290 axungia
1122 1241 1287 1276 vetere.¹

246 1302 328 1338 XC.
358 1301 580 1352 Serpyllum
613 1315 635 1338 a
667 1301 863 1351 serpendo
895 1308 1039 1351 putant
1070 1301 1235 1345 dictum,
1267 1302 1371 1351 quod

196 1365 234 1399 in
261 1363 429 1400 silvestri
459 1365 605 1407 evenit,
635 1366 674 1399 in
700 1367 823 1413 petris
852 1365 1047 1406 maxime3
1084 1377 1176 1399 nam
1203 1366 1371 1400 sativum

197 1438 274 1461 non
317 1428 454 1474 serpit,
498 1425 567 1462 sed
611 1425 660 1462 ad
703 1425 878 1474 palmum
923 1425 1135 1461 altitudine
1178 1426 1370 1462 increscit.

196 1489 380 1536 pinguius
414 1486 676 1523 voluntarium
711 1492 752 1523 et
784 1486 1074 1523 candidioribus
1107 1485 1207 1523 foliis
1239 1488 1373 1524 ramis-

196 1561 287 1597 que,
309 1548 495 1585 adversus
517 1554 723 1598 serpentes
746 1548 896 1592 efficax,
918 1550 1091 1584 maxime
1112 1547 1309 1584 cenchrim
1332 1554 1373 1585 et

199 1610 475 1659 scolopendras
513 1616 722 1648 terrestres
760 1623 806 1647 ac
848 1612 1019 1647 marinas
1057 1616 1099 1647 et
1136 1611 1373 1659 scorpiones,

247 1696 257 1714 ¹
284 1695 387 1727 inlitis
415 1721 421 1727 .
451 1721 457 1727 .
486 1721 493 1728 .
521 1701 645 1727 vetere.
692 1697 745 1728 Ita
771 1696 956 1737 Dellefsen:
998 1696 1214 1737 promittens.
1260 1696 1374 1726 inlinit

198 1740 302 1769 etiam
332 1740 528 1770 vulneribus
554 1750 574 1770 a
601 1750 684 1770 cane
711 1739 812 1770 factis
837 1744 955 1770 tusum
982 1749 1060 1770 cum
1086 1739 1236 1780 axungia
1258 1743 1373 1770 vetere

200 1782 368 1821 illrtyltqss:
383 1782 496 1812 inlinit
506 1782 688 1813 camimum
702 1787 790 1813 vetus
800 1785 855 1817 ese,
867 1783 921 1813 sed
934 1786 1048 1812 tusam
1062 1785 1140 1812 tuso
1152 1785 1270 1812 tusum
1281 1782 1371 1813 codd.

307 1873 321 1886 ‘²
343 1869 533 1908 Pteryyium
552 1869 577 1898 is
593 1868 665 1898 also
681 1879 699 1898 a
718 1868 905 1907 complaint
922 1867 960 1898 of
973 1867 1031 1898 the
1047 1877 1136 1909 eyes.

309 1911 320 1929 ¹³
344 1911 529 1951 Serpyllum
551 1911 637 1941 from
657 1921 783 1951 serpere
802 1915 853 1946 (to
873 1915 997 1952 creep).

304 1958 315 1972 ⁶
338 1955 365 1985 A
388 1954 471 1984 kind
492 1953 531 1984 of
546 1953 686 1994 spotted
706 1957 855 1994 serpent.

200 2026 265 2057 142
