1469 2299
130 212 170 242 76

400 102 564 138 PLINY
579 114 588 138 ε
630 100 893 137 NATURAL
929 98 1166 136 HISTORY

246 205 418 242 XXXII.
448 204 550 241 Seris
583 209 624 240 et
654 206 738 252 ipsa
768 202 947 238 lactucae
977 201 1173 238 simillima
1203 201 1369 237 duorum

197 283 389 319 generum
412 275 494 305 est:
531 268 717 304 silvestris
739 266 890 309 melior,
912 268 1024 315 nigra
1045 267 1120 302 ista
1144 271 1185 302 et
1207 267 1370 308 aestiva,

197 334 371 370 deterior
421 332 587 369 hiberna
640 337 680 368 et
733 330 946 368 candidior.
1001 336 1171 379 utraque
1224 342 1370 371 amara,

198 397 400 435 stomacho
435 397 656 440 utilissima,
691 398 903 445 praecipue
938 407 1058 444 quem
1092 407 1204 431 umor
1239 400 1369 430 vexet.

197 476 287 499 cum
326 468 440 498 aceto
478 464 519 497 in
556 461 643 497 cibo
682 459 918 509 refrigerant
957 458 1020 495 vel
1058 458 1208 501 inlitae,
1246 458 1370 494 discu-

198 530 385 576 tiuntque
430 532 471 563 et
515 525 610 562 alios
655 538 775 574 quam
818 522 1022 560 stomachi.
1077 536 1167 559 cum
1210 522 1371 572 polenta

198 591 436 627 silvestrium
477 590 628 626 radices
671 587 864 626 stomachi
906 601 1024 624 causa
1066 587 1288 630 sorbentur,
1331 592 1371 623 et

199 655 385 691 cardiacis
407 654 625 691 inlinuntur
645 666 763 703 super
783 655 981 689 sinistram
1001 664 1238 695 mammam3
1266 656 1307 688 et
1324 664 1373 688 ex

199 726 314 756 aceto
343 732 479 756 omnes
506 718 583 755 hae
613 724 653 755 et
681 717 902 767 podagricis
926 717 1043 753 utiles
1069 722 1110 753 et
1139 718 1372 766 sanguinem

199 784 467 827 reicientibus,
504 786 602 820 item
638 783 780 832 quibus
816 783 1001 831 genitura
1037 780 1186 824 effluat,
1222 780 1375 817 alterno

200 849 354 885 dierum
400 854 511 898 potu.
567 846 775 884 Petronius
824 846 1035 889 Diodotus,
1083 847 1148 895 qui
1197 843 1374 881 antholo-

200 926 374 963 gumena
408 914 575 961 scripsit,
610 914 650 948 in
684 917 816 948 totum
850 910 1054 948 damnavit
1089 911 1207 946 serim
1241 909 1375 946 multis

200 977 325 1014 modis
353 990 537 1027 arguens,
564 976 635 1013 sed
661 975 826 1012 aliorum
853 977 1029 1011 omnium
1055 976 1187 1024 opinio
1214 976 1374 1011 resistit.

250 1041 444 1078 XXXIII.
474 1041 675 1078 Brassicae
715 1040 852 1076 laudes
893 1039 1056 1090 longum
1097 1044 1157 1076 est
1199 1041 1376 1088 exsequi,

200 1120 290 1143 cum
329 1112 370 1143 et
406 1105 649 1156 Chrysippus
685 1105 862 1142 medicus
898 1106 1084 1154 privatim
1120 1103 1304 1140 volumen
1341 1106 1376 1140 ei

201 1171 390 1208 dicaverit
417 1184 488 1220 per
514 1169 667 1220 singula
694 1169 874 1206 membra
899 1167 1067 1205 hominis
1093 1168 1309 1218 digestum,
1336 1173 1377 1204 et

203 1234 416 1279 Dieuches,
448 1241 542 1272 ante
574 1247 710 1271 omnes
742 1240 878 1270 autern
910 1231 1172 1283 Pythagoras,
1204 1238 1246 1269 et
1277 1232 1377 1269 Cato

202 1314 280 1336 non
314 1302 467 1349 parcius
501 1299 775 1342 celebraverit,
809 1300 918 1335 cuius
952 1299 1195 1334 sententiam
1231 1296 1294 1334 vel
1331 1310 1378 1333 eo

202 1364 431 1415 diligentius
448 1366 631 1413 persequi
648 1376 719 1413 par
736 1369 811 1406 est,
827 1368 871 1399 ut
889 1368 1074 1399 noscatur
1089 1375 1168 1412 qua
1182 1361 1377 1398 medicina

205 1442 295 1465 usus
325 1431 374 1465 sit
402 1431 514 1465 annis
538 1441 585 1465 Dc
605 1428 805 1464 Romanus
824 1426 1004 1476 populus.
1062 1426 1109 1463 In
1126 1432 1208 1463 tres
1226 1428 1377 1475 species

203 1493 371 1530 fflxisere
407 1506 495 1529 eam
531 1493 672 1529 Graeci
708 1493 993 1541 antiquissimi:
1043 1493 1223 1540 crispam,
1259 1503 1378 1540 quam

204 1557 379 1594 selinada
420 1563 659 1594 vocaverunt
702 1570 724 1593 a
765 1556 1023 1593 similitudine
1065 1557 1142 1605 apii
1184 1554 1378 1598 foliorum,

205 1621 407 1658 stomacho
429 1621 582 1665 utilem,
605 1621 735 1658 alvum
756 1620 910 1658 modice
931 1620 1191 1663 mollientem,
1213 1619 1378 1656 alteram

205 1685 363 1730 heliam,
382 1686 471 1723 latis
490 1685 590 1723 foliis
610 1699 631 1723 e
649 1685 760 1722 caule
780 1685 1032 1728 exeuntibus,
1050 1684 1157 1721 unde
1173 1683 1379 1720 caulodem

206 1750 367 1799 quidam
380 1763 583 1795 vocavere,
596 1750 739 1787 nullius
752 1752 793 1786 in
804 1749 1001 1786 medicina
1013 1750 1218 1786 momenti.
1260 1750 1381 1785 tertia

207 1821 267 1852 est
298 1817 455 1864 proprie
488 1814 688 1864 appellata
720 1814 894 1858 crambe,
926 1813 1172 1850 tenuioribus
1205 1811 1306 1849 foliis
1339 1817 1381 1849 et

340 1968 355 1983 ⁰
377 1965 438 1997 See
454 1969 534 1998 note
551 1976 595 1997 on
609 1976 643 2007 p.
660 1965 712 1997 52.
954 1962 967 1983 ⁶
989 1963 1058 1996 R.r.
1078 1963 1150 2001 156,
1169 1963 1241 1994 157.

204 2027 249 2072 46
