1469 2299
142 258 160 286 5

145 669 162 695 εἰ

147 1079 163 1107 κ]

382 87 578 126 PLINY:
621 89 882 127 NATURAL
915 88 1149 126 HISTORY

178 203 257 240 qua
275 193 404 240 pinxit
424 194 561 240 ipsam.
616 191 737 241 idque
756 190 906 227 factum
927 197 987 228 est
1006 197 1096 240 post
1116 191 1353 241 Olympiada

180 262 212 286 c.
267 252 320 286 sic
343 252 493 286 coronis
517 263 538 286 e
561 249 719 287 floribus
742 252 912 299 receptis
939 249 1057 299 paulo
1079 263 1169 286 mox
1197 251 1352 286 subiere

179 321 282 357 quae
311 314 500 345 vocantur
528 309 757 359 Aegyptiae
786 321 830 344 ac
858 308 1003 345 deinde
1031 307 1236 352 hibernae,
1264 321 1352 345 cum

180 373 287 403 terra
335 367 449 404 flores
499 374 635 417 negat,
685 373 866 404 ramento
917 380 938 403 e
986 368 1167 404 cornibus
1216 369 1353 404 tincto.

180 426 453 476 paulatimque
484 432 524 463 et
554 426 704 463 Romae
733 427 931 475 subrepsit
962 426 1176 475 appellatio
1205 425 1355 463 corollis

182 487 284 521 inter
313 486 424 521 initia
453 491 616 534 propter
644 484 909 535 gracilitatem
939 487 1165 528 nominatis,
1194 498 1284 521 mox
1315 491 1355 521 et

180 543 404 587 comllariis,
431 550 643 593 postquam
672 556 693 580 e
720 543 866 580 lamina
892 546 1002 580 tenui
1031 556 1150 580 aerea
1176 546 1355 580 inaurata

181 608 249 638 aut.
279 605 531 652 inargentata
560 603 770 639 dabantur.

236 661 300 697 IV.
331 661 491 698 Crassus
526 662 646 698 Dives
679 664 826 710 primus
859 667 1026 711 argento
1058 674 1233 710 auroque
1266 661 1356 698 folia

183 722 359 756 imitatus
388 720 486 756 ludis
513 722 591 756 suis
617 733 779 756 coronas
806 720 931 763 dedit,
959 727 1290 770 accesseruntque
1317 726 1356 757 et

185 779 370 821 lemnisci,
398 792 495 828 quos
523 779 621 815 adici
650 782 822 828 ipsarum
849 792 1081 815 coronarum
1108 778 1232 816 honor
1258 785 1357 819 erat.

183 844 343 886 propter
371 838 555 873 Etruscas
584 838 726 887 quibus
755 840 861 887 iungi
892 840 963 873 nisi
992 840 1099 874 aurei
1134 851 1211 874 non
1238 838 1357 875 debe-

182 896 290 932 bant.
346 899 431 945 puri
484 897 551 933 diu
608 896 719 933 fuere
772 896 823 932 hi.
878 896 1031 932 caelare
1088 910 1154 933 eos
1211 899 1358 947 primus

184 957 356 991 instituit
404 954 445 991 P.
495 955 681 992 Claudius
729 953 896 992 Pulcher
942 956 1190 1005 brattiasque
1237 958 1356 992 etiam

182 1013 359 1064 philyrae
385 1014 508 1051 dedit.

236 1073 281 1109 V.
311 1072 476 1122 Semper
509 1080 645 1110 tamen
680 1075 894 1110 auctoritas
929 1073 990 1110 vel
1025 1073 1172 1110 ludicro
1206 1077 1357 1123 quaesi-

184 1137 314 1168 tarum
349 1131 436 1169 fuit.
492 1145 664 1181 namque
699 1132 749 1169 ad
784 1134 1002 1168 certamina
1037 1135 1075 1168 in
1110 1135 1254 1169 circuni
1290 1146 1360 1182 per

186 1190 295 1226 ludos
323 1196 364 1227 et
391 1193 462 1240 ipsi
490 1191 789 1227 descendebant
816 1196 857 1227 et
883 1204 1014 1227 servos
1041 1204 1129 1227 suos
1157 1204 1358 1241 equosque

185 1249 414 1286 mittebant.
471 1249 562 1286 inde
592 1249 656 1285 illa
686 1263 739 1285 x11
770 1249 996 1286 tabularum
1027 1249 1112 1286 lex:
1157 1253 1222 1299 qui
1252 1263 1358 1287 coro—

185 1321 276 1344 nam
310 1311 413 1357 parit
448 1311 530 1357 ipse
564 1310 782 1358 pecuniave
817 1310 914 1351 eius,
948 1310 1103 1344 virtutis
1137 1321 1231 1345 suae
1266 1322 1359 1359 ergo

185 1367 317 1403 duitor
352 1369 399 1403 ei.
455 1380 575 1416 quam
609 1369 710 1403 servi
746 1369 887 1416 equive
922 1370 1158 1404 meruissent
1192 1371 1359 1417 pecunia

185 1432 339 1474 partam
364 1426 453 1476 lege
476 1426 551 1462 dici
576 1439 693 1462 nemo
716 1425 926 1462 dubitavit.
982 1428 1068 1474 quis
1093 1439 1186 1476 ergo
1209 1426 1358 1463 honos?

185 1490 227 1520 ut
250 1487 320 1533 ipsi
342 1490 498 1521 mortuo
517 1485 830 1534 parentibusque
851 1487 948 1528 eius,
968 1484 1063 1521 dum
1084 1488 1188 1521 intus
1208 1488 1358 1535 positus

226 1607 239 1621 ‘¹
262 1604 413 1635 380-376
435 1612 500 1634 Bc.

229 1646 241 1665 ⁶
265 1646 442 1687 Referring
461 1650 498 1676 to
518 1646 577 1676 the
597 1645 687 1677 force
707 1645 746 1676 of
761 1646 820 1677 the
839 1645 1044 1676 diminutive
1063 1646 1191 1678 corolla.

230 1694 241 1709 ⁶
266 1690 285 1701 ‘¹
301 1689 446 1729 Chaplet
461 1689 480 1701 ''
511 1699 618 1720 seems
649 1692 686 1719 to
717 1689 758 1719 be
787 1689 846 1719 the
879 1689 953 1719 best
983 1689 1074 1719 word
1108 1689 1151 1730 by
1183 1689 1290 1720 which
1321 1694 1358 1720 to

183 1732 348 1763 translate
364 1742 494 1767 corona,
513 1732 574 1762 but
590 1742 683 1762 some
700 1731 738 1762 of
751 1731 809 1762 the
826 1731 959 1772 (lignity
977 1732 1016 1762 of
1028 1732 1086 1762 the
1104 1732 1204 1763 Latin
1223 1733 1313 1763 word
1331 1734 1357 1763 is

185 1776 259 1806 lost.
306 1774 576 1814 Unfortunately
602 1775 784 1811 “crown‚”
809 1774 917 1805 which
944 1775 1045 1815 keeps
1068 1775 1137 1806 this
1161 1775 1306 1816 dignity,
1332 1776 1358 1806 is

184 1824 241 1849 too
261 1819 454 1858 suggestive
475 1817 513 1847 of
529 1817 677 1857 royalty.

226 1860 240 1878 ‘¹
265 1860 354 1892 Used
371 1870 409 1890 as
425 1870 475 1890 we
491 1870 549 1890 use
567 1860 654 1896 bast,
671 1870 708 1890 as
725 1870 744 1890 a
760 1863 831 1890 sort
848 1859 886 1890 of
902 1869 978 1890 core
995 1860 1028 1890 in
1045 1860 1104 1891 the
1124 1860 1263 1901 making
1283 1860 1321 1891 of
1337 1871 1355 1891 a

184 1903 320 1943 chaplet
341 1903 408 1933 and
431 1904 474 1933 its
495 1903 722 1943 appendages.

261 1946 510 1985 Warmington‚
526 1946 684 1975 [tamaius
700 1944 736 1985 of
749 1944 808 1974 Old
826 1944 936 1980 Latin,
956 1944 1020 1975 vol.
1039 1944 1103 1976 ΠΙ.
1123 1955 1177 1985 pp.
1195 1946 1354 1976 500—502.

190 2014 255 2054 164
