1469 2299
104 385 159 415 171

107 857 167 886 172

110 1208 168 1238 173

376 101 569 138 PLINY:
614 101 876 138 NATURAL
909 101 1145 138 HISTORY

190 218 327 241 nerum
363 207 472 247 vitia,
503 204 671 240 laterum
707 203 860 240 dolores
895 217 985 240 cum
1013 203 1171 246 farina‚1
1202 204 1289 240 oleo
1325 210 1367 241 et

189 270 303 299 aceto
349 264 562 299 sorbitione
606 268 848 312 temperata,
893 264 1105 312 praecipue
1151 275 1243 299 vero
1287 276 1366 299 ser—

190 325 369 370 pentium
398 335 559 358 morsus,

243 380 391 416 LXIII.
421 380 599 417 Tertium
635 393 760 429 genus
797 385 857 416 est
893 382 976 416 eius
1011 392 1114 429 quae
1149 393 1171 416 a
1207 380 1367 416 Graecis

191 439 377 481 mascula,
415 452 435 474 a
473 441 614 475 nostris
651 439 833 488 cunilago
869 444 1044 482 vocatur„
1083 438 1211 475 odoris
1249 438 1368 483 foedi,

192 498 330 533 radicis
351 498 540 547 lignosae,
560 497 652 534 folio
673 510 824 547 aspero.
880 499 980 533 vires
1002 499 1084 533 eius
1104 497 1368 534 vehementis-

193 559 308 592 simas
328 559 367 592 in
385 557 566 592 omnibus
584 557 796 606 generibus
817 569 953 592 earum
971 556 1150 600 tradunt,
1169 556 1370 606 manipulo

193 629 351 664 quoque
391 618 473 651 eius
512 616 668 652 abiecto
707 628 843 652 omnes
883 628 904 651 e
942 621 1029 652 tota
1067 615 1184 652 domo
1222 615 1370 652 blattas

192 677 401 710 convenire
430 674 479 710 ad
509 687 610 717 eam,
638 676 824 723 privatim
852 673 1039 710 adversus
1068 676 1292 723 scorpiones
1321 688 1369 711 ex

195 746 310 781 posca
331 733 493 782 pollere,
515 732 614 769 foliis
635 733 789 769 tribus²
810 745 858 769 ex
880 732 967 769 oleo
992 739 1187 782 peruncto
1213 733 1371 770 homine

194 791 320 840 fugari
347 797 564 840 serpentes.

248 850 388 886 LXIV.
418 850 452 886 E
484 853 680 887 contrario
714 863 817 900 quae
850 850 976 886 mollis
1009 857 1185 894 vocatur,
1218 851 1372 900 pilosio-

196 910 299 945 ribus
328 912 444 945 ramis
473 915 513 945 et
541 909 744 953 aculeatis,
771 911 868 946 trita
893 909 1019 945 mellis
1047 909 1208 946 odorem
1236 909 1372 954 habet,

194 967 328 1017 digitis
373 974 484 1004 tactu
532 970 613 1004 eius
658 967 1065 1012 cohaerescentibus‚‘
1091 968 1215 1004 altera
1260 971 1372 1012 turis,

195 1039 314 1075 quam
361 1026 578 1063 libanotida
622 1026 919 1076 appellavimus
974 1027 1159 1063 medetur
1204 1034 1373 1077 utraque

196 1091 333 1121 contra
367 1091 573 1134 serpentes
608 1098 656 1122 ex
690 1088 780 1122 vino
813 1085 874 1122 vel
908 1091 1036 1129 aceto,
1068 1085 1217 1135 pulices
1252 1088 1373 1122 etiam

195 1146 391 1180 contritae
413 1157 502 1180 curn
525 1157 629 1193 aqua
650 1157 809 1193 sparsae
832 1150 989 1181 necant.

249 1202 367 1238 LXV.
397 1202 532 1239 Sativa
555 1216 714 1252 quoque
739 1216 828 1240 suos
853 1217 945 1240 usus
969 1202 1116 1247 habet3
1150 1217 1265 1240 sucus
1291 1206 1373 1240 eius

197 1275 285 1297 cum
317 1274 476 1298 rosaceo
507 1261 699 1298 auriculas
731 1264 853 1305 iuvat,
884 1265 969 1311 ipsa
1000 1262 1049 1298 ad
1080 1264 1181 1299 ictus
1211 1263 1372 1299 bibitur.

197 1320 241 1356 fit
271 1333 320 1356 ex
349 1321 425 1356 ea3
460 1327 664 1365 montana,
693 1320 864 1371 serpyllo
893 1320 1041 1364 similis,
1071 1321 1208 1358 efficax
1237 1328 1375 1358 contra

201 1385 420 1428 serpentes.
475 1382 629 1416 urinam
652 1386 800 1424 movet,
820 1386 966 1430 purgat
990 1394 1012 1416 a
1036 1386 1153 1429 partu
1176 1381 1372 1417 mulieres.

202 1440 497 1475 concoctionem
528 1441 626 1475 mire
657 1439 819 1475 adiuvat
850 1445 889 1476 et
923 1439 1156 1475 aviditatem
1187 1440 1237 1476 ad
1268 1440 1374 1476 cibos

198 1503 368 1546 utraque
396 1497 457 1534 vel
485 1500 524 1534 in
551 1497 750 1534 cruditate
778 1500 917 1534 ieiunis
946 1500 984 1534 in
1012 1501 1174 1547 potione
1202 1512 1372 1548 aspersa.

199 1555 342 1592 luxatis
380 1569 538 1606 quoque
574 1556 695 1600 utilis,
731 1563 870 1593 contra
906 1569 1114 1606 vesparum
1152 1563 1192 1594 et
1229 1557 1374 1594 similes

198 1616 312 1658 ictus,
339 1628 386 1651 ex
413 1614 538 1651 farina
562 1614 772 1652 hordeacia
798 1621 839 1652 et
863 1629 981 1665 posca
1005 1615 1224 1653 utilissima.
1280 1616 1374 1653 liba-

198 1673 342 1710 notidis
364 1674 439 1711 alia
459 1687 607 1724 genera
628 1677 706 1711 sujs
728 1674 819 1711 locis
841 1674 1033 1711 dicentur.

377 1759 389 1778 ²
413 1760 537 1800 farina]
554 1760 643 1791 farre
660 1771 734 1791 cum
751 1761 874 1801 aliquot
891 1761 980 1792 codd.
999 1761 1174 1802 Dellefsen.

376 1803 389 1822 ²
412 1804 522 1834 tribus
543 1804 632 1834 codd.
650 1815 656 1834 ε
691 1804 782 1834 tritis
803 1802 937 1835 conicio.

374 1845 386 1864 ³
410 1845 524 1876 frutex
541 1849 574 1876 et
590 1844 673 1876 coni.
698 1845 930 1885 Warminqton.

419 1935 432 1948 ⁰
458 1930 551 1960 With
569 1930 628 1960 the
646 1930 786 1970 reading
803 1930 900 1967 tritis,
921 1930 939 1942 “
955 1930 1151 1971 pounded.‘’

419 1973 434 1993 ¹²
460 1973 601 2004 Lecokia
617 1973 743 2004 cretica.

204 2047 271 2070 100
