<?xml version="1.0" encoding="UTF-8"?>
<!DOCTYPE html PUBLIC "-//W3C//DTD XHTML 1.0 Transitional//EN"
    "http://www.w3.org/TR/xhtml1/DTD/xhtml1-transitional.dtd">
<html xmlns="http://www.w3.org/1999/xhtml" xml:lang="en" lang="en">
 <head>
  <title>
</title>
<meta http-equiv="Content-Type" content="text/html;charset=utf-8" />
  <meta name='ocr-system' content='tesseract 3.04.00' />
  <meta name='ocr-capabilities' content='ocr_page ocr_carea ocr_par ocr_line ocrx_word'/>
</head>
<body>
  <div class='ocr_page' id='page_1' title='image "./naturalhistory06plinuoft/naturalhistory06plinuoft_0176.png"; bbox 0 0 1469 2299; ppageno 0'>
   <div class='ocr_carea' id='block_1_1' title="bbox 86 319 147 350">
    <p class='ocr_par' dir='ltr' id='par_1_1' title="bbox 86 319 147 350">
     <span class='ocr_line' id='line_1_1' title="bbox 86 319 147 350; baseline 0.033 -2"><span class='ocrx_word' id='word_1_1' title='bbox 86 319 147 350; x_wconf 77' lang='lat'>249</span> 
     </span>
    </p>
   </div>
   <div class='ocr_carea' id='block_1_2' title="bbox 88 704 150 734">
    <p class='ocr_par' dir='ltr' id='par_1_2' title="bbox 88 704 150 734">
     <span class='ocr_line' id='line_1_2' title="bbox 88 704 150 734; baseline 0.048 -2"><span class='ocrx_word' id='word_1_2' title='bbox 88 704 150 734; x_wconf 77' lang='lat'>250</span> 
     </span>
    </p>
   </div>
   <div class='ocr_carea' id='block_1_3' title="bbox 379 83 1145 121">
    <p class='ocr_par' dir='ltr' id='par_1_3' title="bbox 379 83 1145 121">
     <span class='ocr_line' id='line_1_3' title="bbox 379 83 1145 121; baseline 0 -1"><span class='ocrx_word' id='word_1_3' title='bbox 379 83 573 120; x_wconf 83' lang='lat' dir='ltr'>PLINY:</span> <span class='ocrx_word' id='word_1_4' title='bbox 618 83 878 121; x_wconf 84' lang='lat' dir='ltr'>NATURAL</span> <span class='ocrx_word' id='word_1_5' title='bbox 912 83 1145 121; x_wconf 86' lang='lat' dir='ltr'>HISTORY</span> 
     </span>
    </p>
   </div>
   <div class='ocr_carea' id='block_1_4' title="bbox 174 185 1356 1838">
    <p class='ocr_par' dir='ltr' id='par_1_4' title="bbox 174 185 1347 299">
     <span class='ocr_line' id='line_1_4' title="bbox 174 185 1347 235; baseline 0.002 -14"><span class='ocrx_word' id='word_1_6' title='bbox 174 198 263 222; x_wconf 91' lang='lat' dir='ltr'>cum</span> <span class='ocrx_word' id='word_1_7' title='bbox 296 188 386 222; x_wconf 85' lang='lat' dir='ltr'>vino</span> <span class='ocrx_word' id='word_1_8' title='bbox 419 191 572 235; x_wconf 90' lang='lat' dir='ltr'>potum,</span> <span class='ocrx_word' id='word_1_9' title='bbox 606 185 785 222; x_wconf 88' lang='lat' dir='ltr'>silvestre</span> <span class='ocrx_word' id='word_1_10' title='bbox 818 198 910 221; x_wconf 82' lang='lat' dir='ltr'>vero</span> <span class='ocrx_word' id='word_1_11' title='bbox 944 191 984 222; x_wconf 88' lang='lat' dir='ltr'>et</span> <span class='ocrx_word' id='word_1_12' title='bbox 1017 185 1196 222; x_wconf 57' lang='lat' dir='ltr'>calculos</span> <span class='ocrx_word' id='word_1_13' title='bbox 1252 199 1347 235; x_wconf 78' lang='lat' dir='ltr'>quos</span> 
     </span>
     <span class='ocr_line' id='line_1_5' title="bbox 174 248 1324 299; baseline 0.001 -14"><span class='ocrx_word' id='word_1_14' title='bbox 174 249 336 299; x_wconf 77' lang='lat' dir='ltr'>vigilare</span> <span class='ocrx_word' id='word_1_15' title='bbox 362 263 459 298; x_wconf 88' lang='lat' dir='ltr'>opus</span> <span class='ocrx_word' id='word_1_16' title='bbox 486 252 535 286; x_wconf 80' lang='lat' dir='ltr'>sit</span> <span class='ocrx_word' id='word_1_17' title='bbox 563 252 712 285; x_wconf 83' lang='lat' dir='ltr'>excitat</span> <span class='ocrx_word' id='word_1_18' title='bbox 739 248 911 285; x_wconf 75' lang='lat' dir='ltr'>infusum</span> <span class='ocrx_word' id='word_1_19' title='bbox 937 251 1055 298; x_wconf 88' lang='lat' dir='ltr'>capiti</span> <span class='ocrx_word' id='word_1_20' title='bbox 1083 263 1171 286; x_wconf 92' lang='lat' dir='ltr'>cum</span> <span class='ocrx_word' id='word_1_21' title='bbox 1199 256 1324 286; x_wconf 88' lang='lat' dir='ltr'>aceto.</span> 
     </span>
    </p>

    <p class='ocr_par' dir='ltr' id='par_1_5' title="bbox 175 313 1356 1710">
     <span class='ocr_line' id='line_1_6' title="bbox 225 313 1349 362; baseline 0 -12"><span class='ocrx_word' id='word_1_22' title='bbox 225 313 350 350; x_wconf 90' lang='lat' dir='ltr'>XCII.</span> <span class='ocrx_word' id='word_1_23' title='bbox 382 313 469 350; x_wconf 92' lang='lat' dir='ltr'>Lini</span> <span class='ocrx_word' id='word_1_24' title='bbox 502 326 638 350; x_wconf 87' lang='lat' dir='ltr'>semen</span> <span class='ocrx_word' id='word_1_25' title='bbox 670 327 758 349; x_wconf 90' lang='lat' dir='ltr'>cum</span> <span class='ocrx_word' id='word_1_26' title='bbox 792 313 874 349; x_wconf 89' lang='lat' dir='ltr'>aliis</span> <span class='ocrx_word' id='word_1_27' title='bbox 907 313 1067 362; x_wconf 83' lang='lat' dir='ltr'>quidem</span> <span class='ocrx_word' id='word_1_28' title='bbox 1101 316 1138 349; x_wconf 92' lang='lat' dir='ltr'>in</span> <span class='ocrx_word' id='word_1_29' title='bbox 1172 327 1243 350; x_wconf 82' lang='lat' dir='ltr'>usu</span> <span class='ocrx_word' id='word_1_30' title='bbox 1276 320 1349 356; x_wconf 81' lang='lat' dir='ltr'>est,</span> 
     </span>
     <span class='ocr_line' id='line_1_7' title="bbox 175 377 1349 427; baseline 0 -13"><span class='ocrx_word' id='word_1_31' title='bbox 175 377 245 414; x_wconf 89' lang='lat' dir='ltr'>sed</span> <span class='ocrx_word' id='word_1_32' title='bbox 269 383 309 414; x_wconf 87' lang='lat' dir='ltr'>et</span> <span class='ocrx_word' id='word_1_33' title='bbox 332 391 402 427; x_wconf 87' lang='lat' dir='ltr'>per</span> <span class='ocrx_word' id='word_1_34' title='bbox 425 391 467 414; x_wconf 90' lang='lat' dir='ltr'>se</span> <span class='ocrx_word' id='word_1_35' title='bbox 489 377 697 414; x_wconf 79' lang='lat' dir='ltr'>mulierum</span> <span class='ocrx_word' id='word_1_36' title='bbox 721 380 822 413; x_wconf 88' lang='lat' dir='ltr'>cutis</span> <span class='ocrx_word' id='word_1_37' title='bbox 846 379 939 413; x_wconf 85' lang='lat' dir='ltr'>vitia</span> <span class='ocrx_word' id='word_1_38' title='bbox 964 377 1151 414; x_wconf 87' lang='lat' dir='ltr'>emendat</span> <span class='ocrx_word' id='word_1_39' title='bbox 1175 380 1214 413; x_wconf 92' lang='lat' dir='ltr'>in</span> <span class='ocrx_word' id='word_1_40' title='bbox 1237 377 1349 419; x_wconf 79' lang='lat' dir='ltr'>facie,</span> 
     </span>
     <span class='ocr_line' id='line_1_8' title="bbox 176 440 1351 490; baseline 0.001 -13"><span class='ocrx_word' id='word_1_41' title='bbox 176 441 375 478; x_wconf 91' lang='lat' dir='ltr'>oculorum</span> <span class='ocrx_word' id='word_1_42' title='bbox 405 444 529 478; x_wconf 89' lang='lat' dir='ltr'>aciem</span> <span class='ocrx_word' id='word_1_43' title='bbox 559 455 651 477; x_wconf 88' lang='lat' dir='ltr'>suco</span> <span class='ocrx_word' id='word_1_44' title='bbox 679 441 852 478; x_wconf 83' lang='lat' dir='ltr'>adiuvat.</span> <span class='ocrx_word' id='word_1_45' title='bbox 909 440 1116 490; x_wconf 81' lang='lat' dir='ltr'>epiphoras</span> <span class='ocrx_word' id='word_1_46' title='bbox 1145 454 1233 477; x_wconf 92' lang='lat' dir='ltr'>cum</span> <span class='ocrx_word' id='word_1_47' title='bbox 1263 448 1351 478; x_wconf 83' lang='lat' dir='ltr'>ture</span> 
     </span>
     <span class='ocr_line' id='line_1_9' title="bbox 177 505 1349 555; baseline -0.001 -13"><span class='ocrx_word' id='word_1_48' title='bbox 177 512 218 542; x_wconf 89' lang='lat' dir='ltr'>et</span> <span class='ocrx_word' id='word_1_49' title='bbox 239 519 341 555; x_wconf 88' lang='lat' dir='ltr'>aqua</span> <span class='ocrx_word' id='word_1_50' title='bbox 363 511 431 542; x_wconf 86' lang='lat' dir='ltr'>aut</span> <span class='ocrx_word' id='word_1_51' title='bbox 453 519 542 542; x_wconf 90' lang='lat' dir='ltr'>cum</span> <span class='ocrx_word' id='word_1_52' title='bbox 564 519 694 542; x_wconf 90' lang='lat' dir='ltr'>murra</span> <span class='ocrx_word' id='word_1_53' title='bbox 716 518 760 541; x_wconf 86' lang='lat' dir='ltr'>ac</span> <span class='ocrx_word' id='word_1_54' title='bbox 782 507 870 540; x_wconf 87' lang='lat' dir='ltr'>vino</span> <span class='ocrx_word' id='word_1_55' title='bbox 891 505 1020 548; x_wconf 86' lang='lat' dir='ltr'>sedat,</span> <span class='ocrx_word' id='word_1_56' title='bbox 1040 505 1241 554; x_wconf 72' lang='lat' dir='ltr'><strong>parotidas</strong></span> <span class='ocrx_word' id='word_1_57' title='bbox 1263 519 1349 542; x_wconf 89' lang='lat' dir='ltr'>cum</span> 
     </span>
     <span class='ocr_line' id='line_1_10' title="bbox 176 568 1345 618; baseline 0.001 -13"><span class='ocrx_word' id='word_1_58' title='bbox 176 569 293 606; x_wconf 88' lang='lat' dir='ltr'>melle</span> <span class='ocrx_word' id='word_1_59' title='bbox 327 576 395 606; x_wconf 85' lang='lat' dir='ltr'>aut</span> <span class='ocrx_word' id='word_1_60' title='bbox 430 569 547 618; x_wconf 88' lang='lat' dir='ltr'>adipe</span> <span class='ocrx_word' id='word_1_61' title='bbox 581 576 648 605; x_wconf 86' lang='lat' dir='ltr'>aut</span> <span class='ocrx_word' id='word_1_62' title='bbox 685 582 788 613; x_wconf 79' lang='lat' dir='ltr'>cera,</span> <span class='ocrx_word' id='word_1_63' title='bbox 822 568 1012 606; x_wconf 77' lang='lat' dir='ltr'>stomachi</span> <span class='ocrx_word' id='word_1_64' title='bbox 1049 569 1263 606; x_wconf 77' lang='lat' dir='ltr'>solutiones</span> <span class='ocrx_word' id='word_1_65' title='bbox 1297 572 1345 606; x_wconf 92' lang='lat' dir='ltr'>in-</span> 
     </span>
     <span class='ocr_line' id='line_1_11' title="bbox 177 633 1352 683; baseline 0.001 -14"><span class='ocrx_word' id='word_1_66' title='bbox 177 647 353 683; x_wconf 80' lang='lat' dir='ltr'>spersum</span> <span class='ocrx_word' id='word_1_67' title='bbox 390 633 576 683; x_wconf 72' lang='lat' dir='ltr'>polentae</span> <span class='ocrx_word' id='word_1_68' title='bbox 612 633 742 676; x_wconf 88' lang='lat' dir='ltr'>modo,</span> <span class='ocrx_word' id='word_1_69' title='bbox 778 635 942 683; x_wconf 80' lang='lat' dir='ltr'>anginas</span> <span class='ocrx_word' id='word_1_70' title='bbox 978 635 1016 669; x_wconf 89' lang='lat' dir='ltr'>in</span> <span class='ocrx_word' id='word_1_71' title='bbox 1052 647 1155 682; x_wconf 87' lang='lat' dir='ltr'>aqua</span> <span class='ocrx_word' id='word_1_72' title='bbox 1191 640 1230 670; x_wconf 88' lang='lat' dir='ltr'>et</span> <span class='ocrx_word' id='word_1_73' title='bbox 1266 633 1352 671; x_wconf 94' lang='lat' dir='ltr'>oleo</span> 
     </span>
     <span class='ocr_line' id='line_1_12' title="bbox 177 697 1352 741; baseline 0 -7"><span class='ocrx_word' id='word_1_74' title='bbox 177 698 384 734; x_wconf 89' lang='lat' dir='ltr'>decoctum</span> <span class='ocrx_word' id='word_1_75' title='bbox 409 704 447 733; x_wconf 91' lang='lat' dir='ltr'>et</span> <span class='ocrx_word' id='word_1_76' title='bbox 471 711 560 733; x_wconf 87' lang='lat' dir='ltr'>cum</span> <span class='ocrx_word' id='word_1_77' title='bbox 583 710 702 734; x_wconf 88' lang='lat' dir='ltr'>aneso</span> <span class='ocrx_word' id='word_1_78' title='bbox 725 697 892 734; x_wconf 89' lang='lat' dir='ltr'>inlitum.</span> <span class='ocrx_word' id='word_1_79' title='bbox 947 703 1135 741; x_wconf 85' lang='lat' dir='ltr'>torretur,</span> <span class='ocrx_word' id='word_1_80' title='bbox 1156 703 1200 734; x_wconf 85' lang='lat' dir='ltr'>ut</span> <span class='ocrx_word' id='word_1_81' title='bbox 1222 697 1352 734; x_wconf 81' lang='lat' dir='ltr'>alvum</span> 
     </span>
     <span class='ocr_line' id='line_1_13' title="bbox 177 761 1351 811; baseline 0.001 -13"><span class='ocrx_word' id='word_1_82' title='bbox 177 764 303 798; x_wconf 79' lang='lat' dir='ltr'>sistat.</span> <span class='ocrx_word' id='word_1_83' title='bbox 358 761 537 798; x_wconf 82' lang='lat' dir='ltr'>coeliacis</span> <span class='ocrx_word' id='word_1_84' title='bbox 568 767 608 798; x_wconf 92' lang='lat' dir='ltr'>et</span> <span class='ocrx_word' id='word_1_85' title='bbox 638 761 887 811; x_wconf 80' lang='lat' dir='ltr'>dysintericis</span> <span class='ocrx_word' id='word_1_86' title='bbox 917 763 1118 810; x_wconf 79' lang='lat' dir='ltr'>inponitur</span> <span class='ocrx_word' id='word_1_87' title='bbox 1147 774 1195 798; x_wconf 89' lang='lat' dir='ltr'>ex</span> <span class='ocrx_word' id='word_1_88' title='bbox 1226 768 1351 799; x_wconf 86' lang='lat' dir='ltr'>aceto.</span> 
     </span>
     <span class='ocr_line' id='line_1_14' title="bbox 177 824 1352 875; baseline 0 -13"><span class='ocrx_word' id='word_1_89' title='bbox 177 826 226 862; x_wconf 87' lang='lat' dir='ltr'>ad</span> <span class='ocrx_word' id='word_1_90' title='bbox 246 828 424 862; x_wconf 83' lang='lat' dir='ltr'>iocineris</span> <span class='ocrx_word' id='word_1_91' title='bbox 443 825 597 862; x_wconf 90' lang='lat' dir='ltr'>dolores</span> <span class='ocrx_word' id='word_1_92' title='bbox 618 831 727 862; x_wconf 85' lang='lat' dir='ltr'>estur</span> <span class='ocrx_word' id='word_1_93' title='bbox 744 839 833 862; x_wconf 87' lang='lat' dir='ltr'>cum</span> <span class='ocrx_word' id='word_1_94' title='bbox 853 839 929 861; x_wconf 81' lang='lat' dir='ltr'>uva</span> <span class='ocrx_word' id='word_1_95' title='bbox 947 839 1076 874; x_wconf 86' lang='lat' dir='ltr'>passa,</span> <span class='ocrx_word' id='word_1_96' title='bbox 1095 825 1145 862; x_wconf 91' lang='lat' dir='ltr'>ad</span> <span class='ocrx_word' id='word_1_97' title='bbox 1163 824 1352 875; x_wconf 81' lang='lat' dir='ltr'>phthisim</span> 
     </span>
     <span class='ocr_line' id='line_1_15' title="bbox 178 889 1352 939; baseline 0 -13"><span class='ocrx_word' id='word_1_98' title='bbox 178 889 385 926; x_wconf 80' lang='lat' dir='ltr'>utilissime</span> <span class='ocrx_word' id='word_1_99' title='bbox 421 902 442 926; x_wconf 92' lang='lat' dir='ltr'>e</span> <span class='ocrx_word' id='word_1_100' title='bbox 476 892 627 926; x_wconf 88' lang='lat' dir='ltr'>semine</span> <span class='ocrx_word' id='word_1_101' title='bbox 661 889 762 926; x_wconf 89' lang='lat' dir='ltr'>fiunt</span> <span class='ocrx_word' id='word_1_102' title='bbox 797 889 1020 939; x_wconf 83' lang='lat' dir='ltr'>ecligmata.</span> <span class='ocrx_word' id='word_1_103' title='bbox 1075 889 1352 933; x_wconf 86' lang='lat' dir='ltr'>musculorum,</span> 
     </span>
     <span class='ocr_line' id='line_1_16' title="bbox 178 953 1351 998; baseline 0 -8"><span class='ocrx_word' id='word_1_104' title='bbox 178 967 400 997; x_wconf 82' lang='lat' dir='ltr'>nervorum,</span> <span class='ocrx_word' id='word_1_105' title='bbox 438 953 706 997; x_wconf 85' lang='lat' dir='ltr'>articulorum,</span> <span class='ocrx_word' id='word_1_106' title='bbox 742 956 951 990; x_wconf 79' lang='lat' dir='ltr'>cervicium</span> <span class='ocrx_word' id='word_1_107' title='bbox 988 953 1167 998; x_wconf 84' lang='lat' dir='ltr'>duritias,</span> <span class='ocrx_word' id='word_1_108' title='bbox 1203 955 1351 991; x_wconf 87' lang='lat' dir='ltr'>cerebri</span> 
     </span>
     <span class='ocr_line' id='line_1_17' title="bbox 178 1017 1354 1067; baseline 0.001 -13"><span class='ocrx_word' id='word_1_109' title='bbox 178 1018 429 1054; x_wconf 85' lang='lat' dir='ltr'>membranas</span> <span class='ocrx_word' id='word_1_110' title='bbox 452 1020 611 1067; x_wconf 86' lang='lat' dir='ltr'>mitigat</span> <span class='ocrx_word' id='word_1_111' title='bbox 634 1017 761 1054; x_wconf 86' lang='lat' dir='ltr'>farina</span> <span class='ocrx_word' id='word_1_112' title='bbox 783 1020 942 1054; x_wconf 87' lang='lat' dir='ltr'>seminis</span> <span class='ocrx_word' id='word_1_113' title='bbox 965 1020 1068 1054; x_wconf 90' lang='lat' dir='ltr'>nitro</span> <span class='ocrx_word' id='word_1_114' title='bbox 1090 1024 1159 1055; x_wconf 84' lang='lat' dir='ltr'>aut</span> <span class='ocrx_word' id='word_1_115' title='bbox 1181 1017 1263 1055; x_wconf 86' lang='lat' dir='ltr'>sale</span> <span class='ocrx_word' id='word_1_116' title='bbox 1285 1024 1354 1055; x_wconf 88' lang='lat' dir='ltr'>aut</span> 
     </span>
     <span class='ocr_line' id='line_1_18' title="bbox 178 1081 1353 1131; baseline 0.001 -13"><span class='ocrx_word' id='word_1_117' title='bbox 178 1085 310 1119; x_wconf 87' lang='lat' dir='ltr'>cinere</span> <span class='ocrx_word' id='word_1_118' title='bbox 339 1082 496 1119; x_wconf 87' lang='lat' dir='ltr'>additis.</span> <span class='ocrx_word' id='word_1_119' title='bbox 553 1081 695 1118; x_wconf 89' lang='lat' dir='ltr'>eadem</span> <span class='ocrx_word' id='word_1_120' title='bbox 715 1095 805 1118; x_wconf 89' lang='lat' dir='ltr'>cum</span> <span class='ocrx_word' id='word_1_121' title='bbox 835 1082 907 1118; x_wconf 86' lang='lat' dir='ltr'>fico</span> <span class='ocrx_word' id='word_1_122' title='bbox 940 1082 1192 1131; x_wconf 91' lang='lat' dir='ltr'>parotidem1</span> <span class='ocrx_word' id='word_1_123' title='bbox 1217 1096 1353 1119; x_wconf 89' lang='lat' dir='ltr'>conco-</span> 
     </span>
     <span class='ocr_line' id='line_1_19' title="bbox 179 1146 1354 1196; baseline 0.001 -13"><span class='ocrx_word' id='word_1_124' title='bbox 179 1149 264 1196; x_wconf 79' lang='lat' dir='ltr'>quit</span> <span class='ocrx_word' id='word_1_125' title='bbox 285 1159 330 1182; x_wconf 90' lang='lat' dir='ltr'>ac</span> <span class='ocrx_word' id='word_1_126' title='bbox 349 1152 539 1189; x_wconf 82' lang='lat' dir='ltr'>maturat,</span> <span class='ocrx_word' id='word_1_127' title='bbox 558 1160 647 1182; x_wconf 90' lang='lat' dir='ltr'>cum</span> <span class='ocrx_word' id='word_1_128' title='bbox 668 1146 799 1183; x_wconf 89' lang='lat' dir='ltr'>radice</span> <span class='ocrx_word' id='word_1_129' title='bbox 819 1159 911 1183; x_wconf 88' lang='lat' dir='ltr'>vero</span> <span class='ocrx_word' id='word_1_130' title='bbox 930 1148 1148 1183; x_wconf 84' lang='lat' dir='ltr'>cucumeris</span> <span class='ocrx_word' id='word_1_131' title='bbox 1167 1146 1354 1184; x_wconf 86' lang='lat' dir='ltr'>silvestris</span> 
     </span>
     <span class='ocr_line' id='line_1_20' title="bbox 179 1209 1355 1260; baseline 0.001 -13"><span class='ocrx_word' id='word_1_132' title='bbox 179 1210 353 1247; x_wconf 80' lang='lat' dir='ltr'>extrahit</span> <span class='ocrx_word' id='word_1_133' title='bbox 400 1223 676 1260; x_wconf 87' lang='lat' dir='ltr'>quaecumque</span> <span class='ocrx_word' id='word_1_134' title='bbox 722 1213 871 1260; x_wconf 88' lang='lat' dir='ltr'>corpori</span> <span class='ocrx_word' id='word_1_135' title='bbox 919 1209 1168 1254; x_wconf 86' lang='lat' dir='ltr'>inhaereant,</span> <span class='ocrx_word' id='word_1_136' title='bbox 1214 1213 1268 1248; x_wconf 87' lang='lat' dir='ltr'>sic</span> <span class='ocrx_word' id='word_1_137' title='bbox 1314 1217 1355 1248; x_wconf 87' lang='lat' dir='ltr'>et</span> 
     </span>
     <span class='ocr_line' id='line_1_21' title="bbox 179 1273 1354 1324; baseline 0.001 -13"><span class='ocrx_word' id='word_1_138' title='bbox 179 1274 303 1311; x_wconf 83' lang='lat' dir='ltr'>fracta</span> <span class='ocrx_word' id='word_1_139' title='bbox 327 1288 425 1311; x_wconf 87' lang='lat' dir='ltr'>ossa.</span> <span class='ocrx_word' id='word_1_140' title='bbox 481 1288 640 1324; x_wconf 89' lang='lat' dir='ltr'>serpere</span> <span class='ocrx_word' id='word_1_141' title='bbox 662 1274 771 1311; x_wconf 86' lang='lat' dir='ltr'>ulcus</span> <span class='ocrx_word' id='word_1_142' title='bbox 794 1276 834 1310; x_wconf 90' lang='lat' dir='ltr'>in</span> <span class='ocrx_word' id='word_1_143' title='bbox 856 1276 945 1310; x_wconf 87' lang='lat' dir='ltr'>vino</span> <span class='ocrx_word' id='word_1_144' title='bbox 967 1274 1132 1311; x_wconf 87' lang='lat' dir='ltr'>decocta</span> <span class='ocrx_word' id='word_1_145' title='bbox 1154 1273 1354 1324; x_wconf 85' lang='lat' dir='ltr'>prohibet,</span> 
     </span>
     <span class='ocr_line' id='line_1_22' title="bbox 180 1338 1354 1389; baseline 0.001 -14"><span class='ocrx_word' id='word_1_146' title='bbox 180 1341 408 1388; x_wconf 88' lang='lat' dir='ltr'>eruptiones</span> <span class='ocrx_word' id='word_1_147' title='bbox 447 1341 618 1388; x_wconf 88' lang='lat' dir='ltr'>pituitae</span> <span class='ocrx_word' id='word_1_148' title='bbox 657 1352 747 1375; x_wconf 91' lang='lat' dir='ltr'>cum</span> <span class='ocrx_word' id='word_1_149' title='bbox 787 1338 916 1375; x_wconf 90' lang='lat' dir='ltr'>melle.</span> <span class='ocrx_word' id='word_1_150' title='bbox 973 1338 1162 1376; x_wconf 85' lang='lat' dir='ltr'>emendat</span> <span class='ocrx_word' id='word_1_151' title='bbox 1201 1352 1354 1389; x_wconf 88' lang='lat' dir='ltr'>ungues</span> 
     </span>
     <span class='ocr_line' id='line_1_23' title="bbox 179 1402 1355 1452; baseline 0.002 -13"><span class='ocrx_word' id='word_1_152' title='bbox 179 1404 335 1440; x_wconf 89' lang='lat' dir='ltr'>scabros</span> <span class='ocrx_word' id='word_1_153' title='bbox 368 1416 457 1439; x_wconf 90' lang='lat' dir='ltr'>cum</span> <span class='ocrx_word' id='word_1_154' title='bbox 490 1405 572 1452; x_wconf 85' lang='lat' dir='ltr'>pari</span> <span class='ocrx_word' id='word_1_155' title='bbox 607 1402 724 1439; x_wconf 92' lang='lat' dir='ltr'>modo</span> <span class='ocrx_word' id='word_1_156' title='bbox 758 1405 955 1446; x_wconf 86' lang='lat' dir='ltr'>nasturtii,</span> <span class='ocrx_word' id='word_1_157' title='bbox 988 1405 1152 1440; x_wconf 85' lang='lat' dir='ltr'>testium</span> <span class='ocrx_word' id='word_1_158' title='bbox 1185 1405 1281 1440; x_wconf 85' lang='lat' dir='ltr'>vitia</span> <span class='ocrx_word' id='word_1_159' title='bbox 1313 1409 1355 1441; x_wconf 83' lang='lat' dir='ltr'>et</span> 
     </span>
     <span class='ocr_line' id='line_1_24' title="bbox 179 1469 1355 1517; baseline 0.001 -14"><span class='ocrx_word' id='word_1_160' title='bbox 179 1470 344 1504; x_wconf 84' lang='lat' dir='ltr'>ramices</span> <span class='ocrx_word' id='word_1_161' title='bbox 364 1480 453 1503; x_wconf 88' lang='lat' dir='ltr'>curn</span> <span class='ocrx_word' id='word_1_162' title='bbox 474 1469 602 1503; x_wconf 89' lang='lat' dir='ltr'>resina</span> <span class='ocrx_word' id='word_1_163' title='bbox 624 1473 664 1503; x_wconf 87' lang='lat' dir='ltr'>et</span> <span class='ocrx_word' id='word_1_164' title='bbox 684 1480 817 1504; x_wconf 86' lang='lat' dir='ltr'>murra</span> <span class='ocrx_word' id='word_1_165' title='bbox 838 1473 879 1503; x_wconf 91' lang='lat' dir='ltr'>et</span> <span class='ocrx_word' id='word_1_166' title='bbox 899 1480 1148 1517; x_wconf 85' lang='lat' dir='ltr'>gangraenas</span> <span class='ocrx_word' id='word_1_167' title='bbox 1169 1480 1218 1504; x_wconf 86' lang='lat' dir='ltr'>ex</span> <span class='ocrx_word' id='word_1_168' title='bbox 1239 1480 1355 1517; x_wconf 88' lang='lat' dir='ltr'>aqua,</span> 
     </span>
     <span class='ocr_line' id='line_1_25' title="bbox 180 1530 1356 1581; baseline 0 -13"><span class='ocrx_word' id='word_1_169' title='bbox 180 1530 372 1568; x_wconf 89' lang='lat' dir='ltr'>stomachi</span> <span class='ocrx_word' id='word_1_170' title='bbox 390 1531 544 1568; x_wconf 90' lang='lat' dir='ltr'>dolores</span> <span class='ocrx_word' id='word_1_171' title='bbox 562 1545 651 1567; x_wconf 90' lang='lat' dir='ltr'>cum</span> <span class='ocrx_word' id='word_1_172' title='bbox 670 1530 762 1567; x_wconf 92' lang='lat' dir='ltr'>feno</span> <span class='ocrx_word' id='word_1_173' title='bbox 780 1530 932 1568; x_wconf 87' lang='lat' dir='ltr'>Graeco</span> <span class='ocrx_word' id='word_1_174' title='bbox 950 1533 1132 1568; x_wconf 85' lang='lat' dir='ltr'>sextariis</span> <span class='ocrx_word' id='word_1_175' title='bbox 1149 1533 1356 1581; x_wconf 88' lang='lat' dir='ltr'>utriusque</span> 
     </span>
     <span class='ocr_line' id='line_1_26' title="bbox 179 1594 1356 1645; baseline 0.001 -13"><span class='ocrx_word' id='word_1_176' title='bbox 179 1595 352 1632; x_wconf 89' lang='lat' dir='ltr'>decoctis</span> <span class='ocrx_word' id='word_1_177' title='bbox 405 1597 444 1632; x_wconf 92' lang='lat' dir='ltr'>in</span> <span class='ocrx_word' id='word_1_178' title='bbox 495 1608 599 1645; x_wconf 87' lang='lat' dir='ltr'>aqua</span> <span class='ocrx_word' id='word_1_179' title='bbox 650 1595 789 1639; x_wconf 82' lang='lat' dir='ltr'>mulsa,</span> <span class='ocrx_word' id='word_1_180' title='bbox 841 1597 1134 1639; x_wconf 86' lang='lat' dir='ltr'>intestinorum,</span> <span class='ocrx_word' id='word_1_181' title='bbox 1184 1594 1356 1633; x_wconf 89' lang='lat' dir='ltr'>thoracis</span> 
     </span>
     <span class='ocr_line' id='line_1_27' title="bbox 180 1659 1131 1710; baseline 0.001 -15"><span class='ocrx_word' id='word_1_182' title='bbox 180 1662 397 1709; x_wconf 88' lang='lat' dir='ltr'>perniciosa</span> <span class='ocrx_word' id='word_1_183' title='bbox 422 1662 516 1696; x_wconf 76' lang='lat' dir='ltr'>vitia</span> <span class='ocrx_word' id='word_1_184' title='bbox 540 1659 710 1710; x_wconf 82' lang='lat' dir='ltr'>clystere</span> <span class='ocrx_word' id='word_1_185' title='bbox 734 1661 774 1696; x_wconf 93' lang='lat' dir='ltr'>in</span> <span class='ocrx_word' id='word_1_186' title='bbox 797 1659 884 1696; x_wconf 90' lang='lat' dir='ltr'>oleo</span> <span class='ocrx_word' id='word_1_187' title='bbox 908 1665 977 1696; x_wconf 89' lang='lat' dir='ltr'>aut</span> <span class='ocrx_word' id='word_1_188' title='bbox 1001 1659 1131 1696; x_wconf 90' lang='lat' dir='ltr'>melle.</span> 
     </span>
    </p>

    <p class='ocr_par' dir='ltr' id='par_1_6' title="bbox 181 1723 1356 1838">
     <span class='ocr_line' id='line_1_28' title="bbox 230 1723 1356 1774; baseline 0.001 -14"><span class='ocrx_word' id='word_1_189' title='bbox 230 1724 379 1760; x_wconf 90' lang='lat' dir='ltr'>XCIII.</span> <span class='ocrx_word' id='word_1_190' title='bbox 408 1724 557 1760; x_wconf 89' lang='lat' dir='ltr'>Blitum</span> <span class='ocrx_word' id='word_1_191' title='bbox 591 1726 694 1760; x_wconf 87' lang='lat' dir='ltr'>iners</span> <span class='ocrx_word' id='word_1_192' title='bbox 728 1723 885 1761; x_wconf 87' lang='lat' dir='ltr'>videtur</span> <span class='ocrx_word' id='word_1_193' title='bbox 918 1736 964 1760; x_wconf 86' lang='lat' dir='ltr'>ac</span> <span class='ocrx_word' id='word_1_194' title='bbox 996 1725 1081 1761; x_wconf 89' lang='lat' dir='ltr'>sine</span> <span class='ocrx_word' id='word_1_195' title='bbox 1113 1737 1253 1774; x_wconf 86' lang='lat' dir='ltr'>sapore</span> <span class='ocrx_word' id='word_1_196' title='bbox 1286 1729 1356 1761; x_wconf 84' lang='lat' dir='ltr'>aut</span> 
     </span>
     <span class='ocr_line' id='line_1_29' title="bbox 181 1786 1356 1838; baseline 0 -14"><span class='ocrx_word' id='word_1_197' title='bbox 181 1790 393 1824; x_wconf 90' lang='lat' dir='ltr'>acrimonia</span> <span class='ocrx_word' id='word_1_198' title='bbox 457 1787 550 1832; x_wconf 89' lang='lat' dir='ltr'>ulla,</span> <span class='ocrx_word' id='word_1_199' title='bbox 600 1787 708 1825; x_wconf 89' lang='lat' dir='ltr'>unde</span> <span class='ocrx_word' id='word_1_200' title='bbox 766 1789 984 1825; x_wconf 84' lang='lat' dir='ltr'>convicium</span> <span class='ocrx_word' id='word_1_201' title='bbox 1034 1786 1190 1824; x_wconf 88' lang='lat' dir='ltr'>feminis</span> <span class='ocrx_word' id='word_1_202' title='bbox 1250 1787 1356 1838; x_wconf 87' lang='lat' dir='ltr'>apud</span> 
     </span>
    </p>
   </div>
   <div class='ocr_carea' id='block_1_5' title="bbox 185 1900 1353 1984">
    <p class='ocr_par' dir='ltr' id='par_1_7' title="bbox 185 1900 1353 1984">
     <span class='ocr_line' id='line_1_30' title="bbox 231 1900 1353 1942; baseline 0 -10"><span class='ocrx_word' id='word_1_203' title='bbox 231 1902 243 1921; x_wconf 81' lang='lat'>1</span> <span class='ocrx_word' id='word_1_204' title='bbox 266 1901 459 1942; x_wconf 79' lang='lat' dir='ltr'>parotidem</span> <span class='ocrx_word' id='word_1_205' title='bbox 488 1901 572 1932; x_wconf 78' lang='lat' dir='ltr'>coni.</span> <span class='ocrx_word' id='word_1_206' title='bbox 618 1901 749 1932; x_wconf 59' lang='lat' dir='ltr'>Ianus:</span> <span class='ocrx_word' id='word_1_207' title='bbox 793 1904 828 1931; x_wconf 72' lang='lat' dir='ltr'>et</span> <span class='ocrx_word' id='word_1_208' title='bbox 857 1901 948 1932; x_wconf 83' lang='lat' dir='ltr'>idem</span> <span class='ocrx_word' id='word_1_209' title='bbox 977 1901 1091 1932; x_wconf 84' lang='lat' dir='ltr'>codd.:</span> <span class='ocrx_word' id='word_1_210' title='bbox 1134 1901 1217 1932; x_wconf 75' lang='lat' dir='ltr'>item</span> <span class='ocrx_word' id='word_1_211' title='bbox 1247 1900 1353 1942; x_wconf 57' lang='grc' dir='ltr'>Μῶφι</span> 
     </span>
     <span class='ocr_line' id='line_1_31' title="bbox 185 1943 857 1984; baseline 0 -9"><span class='ocrx_word' id='word_1_212' title='bbox 185 1949 256 1984; x_wconf 73' lang='lat' dir='ltr'>post</span> <span class='ocrx_word' id='word_1_213' title='bbox 280 1944 343 1975; x_wconf 81' lang='lat' dir='ltr'>fico</span> <span class='ocrx_word' id='word_1_214' title='bbox 366 1944 521 1975; x_wconf 76' lang='lat' dir='ltr'>lacunam</span> <span class='ocrx_word' id='word_1_215' title='bbox 544 1944 670 1976; x_wconf 72' lang='lat' dir='ltr'>indicat</span> <span class='ocrx_word' id='word_1_216' title='bbox 693 1943 857 1984; x_wconf 77' lang='lat' dir='ltr'>Mayhoff.</span> 
     </span>
    </p>
   </div>
   <div class='ocr_carea' id='block_1_6' title="bbox 188 2005 256 2048">
    <p class='ocr_par' dir='ltr' id='par_1_8' title="bbox 188 2005 256 2048">
     <span class='ocr_line' id='line_1_32' title="bbox 188 2005 256 2048; baseline 0.015 -9"><span class='ocrx_word' id='word_1_217' title='bbox 188 2005 256 2048; x_wconf 86' lang='lat'>146</span> 
     </span>
    </p>
   </div>
  </div>
 </body>
</html>
