1469 2299
155 546 197 575 54

427 115 621 154 PLINY:
667 116 928 154 NATURAL
961 116 1196 154 HISTORY

224 224 383 256 tantum
427 219 593 262 distant,
637 217 812 268 palmum
857 231 934 255 non
978 218 1228 263 excedentia,
1270 221 1398 268 parvis

222 282 322 319 foliis
351 288 466 320 rutae
496 282 701 325 similibus,
726 281 913 319 floribusl
943 282 1120 319 candidis
1146 288 1216 319 aut
1246 283 1398 319 malinis

223 352 293 383 aut
330 349 549 397 purpureis.
608 346 653 382 In
691 360 823 383 macro
860 346 942 383 solo
980 352 1049 383 aut
1087 349 1199 383 iuxta
1237 350 1398 384 semitas

222 411 420 461 colligitur
441 424 532 447 vere
556 417 598 447 et
620 413 658 446 in
680 416 964 447 coronamenta
986 413 1202 460 reponitur.
1258 411 1397 448 eodem

223 482 403 524 tempore
435 481 476 512 et
507 475 649 511 medici
680 474 773 511 folia
802 480 892 511 tusa
921 477 960 511 in
992 475 1167 524 pastillos
1197 475 1398 525 digerunt,

223 542 320 576 item
372 539 508 576 florem
561 545 602 575 et
653 539 839 575 radicem.
895 539 1042 575 dantur
1092 542 1224 576 omnia
1273 542 1398 576 mixta

222 603 434 640 drachmae
459 606 573 640 unius
597 603 772 652 pondere
795 609 933 639 contra
955 606 1201 652 serpentium
1224 607 1399 641 omnium

224 670 335 704 ictus.
391 668 545 717 pellunt
583 673 759 704 mortuos
797 673 947 717 partus,
985 670 1083 704 item
1120 674 1325 705 menstrua
1361 671 1398 705 in

224 738 319 781 potu
351 738 392 768 et
423 735 576 768 urinam
605 732 888 781 calculosque‚2
919 732 1156 776 inflationes,
1186 735 1399 769 iocinerum

224 799 331 839 vitia,
379 797 497 833 bilem
547 796 765 839 subfusam‚
813 796 1022 845 aegilopia,
1070 797 1399 834 commanducata

225 861 398 897 ulcerum
437 864 666 910 eruptiones
704 866 914 897 manantes
950 866 1077 897 sanat.
1133 874 1181 897 ex
1219 862 1399 898 omnibus

224 924 282 961 his
316 926 529 975 generibus
563 925 611 961 ad
646 925 814 961 calculos
850 926 1169 961 efficacississima
1204 931 1264 962 est
1298 939 1399 975 quae

225 989 360 1025 florem
381 1003 623 1038 purpureum
645 988 781 1033 habet,
800 991 909 1026 cuius
929 995 971 1026 et
990 989 1170 1026 foliorum
1190 995 1231 1026 et
1250 989 1399 1027 fruticis

223 1053 444 1102 amplitudo
492 1054 708 1090 maiuscula
757 1059 830 1090 est.
885 1053 986 1090 hanc
1034 1056 1190 1103 proprie
1239 1054 1400 1104 quidam

223 1118 488 1154 eranthemim
516 1124 670 1155 vocant.

275 1183 442 1219 XXVII.
475 1183 603 1219 Loton
636 1185 702 1232 qui
734 1183 916 1219 arborem
948 1188 1092 1232 putant
1124 1188 1283 1220 tantum
1314 1196 1400 1220 esse

223 1246 284 1283 vel
311 1247 485 1283 Homero
510 1253 671 1283 auctore
695 1249 855 1297 coargui
879 1253 1056 1297 possunt.
1112 1249 1143 1283 is
1168 1249 1273 1284 enim
1296 1249 1401 1284 inter

223 1310 366 1347 herbas
389 1312 674 1348 subnascentes
697 1311 862 1348 deorum
885 1311 1080 1361 voluptati
1103 1311 1211 1348 loton
1232 1314 1399 1361 primam

223 1378 453 1413 nominavit.
509 1375 601 1413 folia
620 1379 703 1413 eius
721 1389 810 1412 cum
829 1376 946 1412 melle
965 1376 1166 1413 oculorum
1184 1378 1399 1420 cicatrices,

223 1452 399 1489 argema,
422 1440 638 1477 nubeculas
661 1440 893 1477 discutiunt.

274 1574 284 1592 ¹
309 1575 476 1606 similibus
506 1576 646 1607 floribus
671 1576 746 1607 add.
779 1575 932 1606 Urlichs:
968 1587 1030 1607 om.
1058 1576 1147 1607 codd.
1195 1576 1401 1608 Dioscorides

227 1617 284 1648 loc.
326 1618 398 1648 cil.:
447 1619 581 1658 κεφάλιι
615 1642 622 1649 .
657 1643 664 1649 .
700 1643 706 1649 .
741 1618 870 1651 ἔνδοθεν
907 1630 965 1658 μεν
1002 1618 1116 1649 λευκὸν
1154 1618 1207 1649 καὶ
1246 1618 1400 1659 χρυσιζον

227 1660 305 1691 ἀνθύ
306 1660 422 1692 λλιον”
407 1673 534 1700 εχοντα,
548 1660 666 1699 ἔξωθεν
679 1661 714 1692 δὲ
730 1661 907 1700 περίκειται
920 1661 1121 1702 κυκλοτερῶς
1134 1661 1262 1693 ‘lemni'
1246 1675 1264 1702 η
1281 1662 1398 1702 μήλινα

227 1704 246 1743 ἦ
262 1704 410 1744 πορφυρᾶ
426 1704 593 1744 φυλλάρια.

272 1747 284 1765 ²
309 1748 393 1777 Aule
418 1747 612 1778 inflationes
635 1747 711 1778 add.
738 1747 835 1778 inlita
864 1747 1038 1787 Mayhoff:
1058 1748 1199 1787 sortasse
1223 1752 1298 1778 ante
1322 1748 1399 1778 ioci-

228 1799 345 1820 nerum
369 1790 497 1821 melius.

269 1945 283 1959 ‘²
306 1940 340 1971 It
360 1941 386 1971 is
405 1941 601 1981 impossible
620 1945 656 1971 to
679 1941 774 1981 bring
794 1941 892 1981 Pliny
912 1940 980 1971 and
1000 1940 1214 1971 Dioscorides
1232 1941 1305 1971 into
1324 1940 1398 1971 har-

223 1993 326 2024 mony
352 1984 498 2015 without
525 1983 754 2014 emendation.
803 1984 850 2016 Of
876 1994 993 2014 course
1023 1985 1050 2015 it
1079 1985 1105 2014 is
1133 1989 1194 2015 not
1221 1994 1399 2024 necessary

222 2055 293 2090 330
