1469 2299
120 208 161 239 69

123 634 164 664 70

126 954 162 984 71

129 1327 169 1358 72

390 97 556 134 PLINY
570 110 579 134 ε
621 96 883 134 NATURAL
918 95 1154 133 HISTORY

239 200 407 238 XXVII.
439 200 521 237 Nec
540 200 637 236 beta
656 202 740 236 sine
760 199 944 236 remediis
966 204 1028 235 est
1047 204 1240 248 utraque:
1277 200 1358 235 sive

187 254 380 291 candidae
420 256 502 290 sive
542 256 678 303 nigrae
719 253 830 289 radix
871 265 1008 288 recens
1052 258 1094 288 et
1134 251 1361 289 madefacta

187 321 378 357 suspensa
405 307 578 344 funiculo
606 312 743 343 contra
770 309 1015 355 serpentium
1044 319 1194 342 morsus
1223 305 1359 342 efficax

189 374 274 398 esse
303 361 460 405 dicitur,
488 360 657 397 candida
684 361 781 396 beta
808 365 920 396 cocta
949 365 991 395 et
1019 372 1108 395 cum
1137 359 1212 395 alio
1240 358 1361 395 crudo

188 420 348 463 sumpta
368 420 506 451 contra
525 416 693 456 taenias,
713 416 850 463 nigrae
870 412 1021 449 radices
1041 415 1081 448 in
1101 425 1205 461 aqua
1224 417 1361 448 coctae

189 471 429 518 porriginem
464 467 622 510 tollunt,
656 473 779 516 atque
812 469 852 502 in
886 471 1016 503 totum
1051 466 1242 502 efficacior
1276 478 1361 502 esse

190 522 361 558 traditur
390 524 512 571 nigra.
568 533 682 557 sucus
712 523 795 556 eius
824 522 963 568 capitis
992 519 1145 556 dolores
1175 525 1217 556 et
1245 521 1362 555 verti-

190 578 316 625 gines,
346 577 443 611 item
472 576 646 611 sonitum
676 576 829 610 aurium
858 573 974 609 sedat
1002 572 1153 609 infusus
1182 572 1255 616 his,
1284 575 1364 608 ciet

191 631 356 664 urinam.
411 628 597 664 medetur
645 627 893 677 dysintericis
942 628 1088 662 iniecta
1137 631 1179 662 et
1227 626 1364 662 morbo

190 684 313 731 regio,
346 681 499 717 dolores
532 694 690 730 quoque
722 680 903 717 dentium
935 680 1052 716 sedat
1082 679 1216 715 inlitus
1248 692 1363 715 sucus

192 741 234 771 et
266 740 404 771 contra
433 737 678 783 serpentium
713 736 813 770 ictus
843 734 962 776 valet,
991 733 1061 769 sed
1094 732 1213 769 huiel
1244 732 1364 768 radici

191 788 404 825 dumtaxat
427 801 648 837 expressus.
703 790 787 836 ipsa
810 800 901 823 vero
924 787 1089 823 decocta
1111 786 1365 835 pernionibus

192 844 372 878 occurrit.
428 841 517 877 alba
534 840 742 890 epiphoras
762 841 878 877 sedat
898 840 1017 876 fronti
1039 839 1164 883 inlita,
1185 839 1365 877 aluminis

193 908 313 944 parvo
336 895 515 932 admixto
538 897 672 944 ignem
694 907 860 931 sacrum.
915 896 999 930 sine
1022 893 1109 930 oleo
1131 895 1227 930 trita
1248 895 1302 929 sic
1325 898 1368 929 et

193 948 343 985 adustis
373 948 569 985 medetur.
625 953 667 984 et
695 953 833 984 contra
862 949 1090 996 eruptiones
1118 946 1367 996 papularum,

193 1008 386 1051 coctaque
406 1002 548 1038 eadem
566 1007 704 1038 contra
722 1001 855 1038 ulcera
873 1014 975 1050 quae
994 1006 1160 1050 serpunt
1177 1000 1368 1043 inlinitur,

194 1061 236 1091 et
253 1055 438 1104 alopeciis
455 1055 577 1092 cruda
594 1061 635 1091 et
653 1055 848 1091 ulceribus
865 1067 968 1104 quae
985 1056 1025 1090 in
1041 1056 1172 1103 capite
1189 1059 1366 1090 manant.

193 1122 308 1145 sucus
338 1112 420 1145 eius
448 1122 538 1145 cum
565 1108 683 1145 melle
712 1109 870 1145 naribus
899 1108 1033 1144 inlitus
1061 1113 1182 1157 caput
1209 1112 1367 1157 purgat.

194 1165 377 1212 coquitur
401 1168 443 1199 et
467 1162 620 1199 modice
641 1163 655 1186 2
680 1175 770 1198 cum
800 1161 989 1198 lenticula
1012 1161 1149 1198 addito
1173 1166 1301 1204 aceto,
1325 1165 1370 1197 ut

195 1222 377 1252 ventrem
401 1216 564 1252 molliat.
620 1215 785 1253 validius
809 1221 922 1252 cocta
946 1215 1152 1252 fluctiones
1177 1213 1368 1251 stomachi

197 1275 239 1306 et
263 1272 411 1306 ventris
437 1272 553 1306 sistit.

246 1322 437 1360 XXVIII.
468 1324 541 1359 Est
577 1328 619 1359 et
655 1322 751 1359 beta
786 1322 974 1359 silvestris
1011 1335 1131 1371 quam
1167 1320 1370 1358 limonium

196 1382 353 1420 vocant,
397 1377 461 1413 alii
506 1376 752 1419 neuroidem,
796 1376 967 1413 multum
1010 1375 1226 1412 minoribus
1271 1374 1371 1411 foliis

197 1431 524 1480 tenuioribusque
555 1443 599 1466 ac
629 1430 889 1473 densioribus,
918 1429 1103 1466 undecim
1133 1440 1253 1478 saepe
1282 1441 1372 1464 cau-

197 1482 325 1520 lium.³
380 1483 495 1521 huius
533 1483 626 1520 folia
663 1484 856 1520 ambustis
894 1483 1007 1520 utilia
1043 1484 1292 1533 gustantium
1330 1495 1372 1518 os

246 1558 257 1577 ¹
281 1558 359 1591 huie
379 1558 467 1590 codd.
484 1571 491 1591 :
521 1558 575 1590 hic
590 1558 709 1598 Silliy·
739 1558 803 1589 hoc
819 1557 981 1599 Maylzoff.

247 1601 260 1621 ²
283 1603 415 1635 modice
433 1614 495 1634 om.
514 1602 626 1643 plures
643 1603 754 1633 cedda
773 1607 845 1643 post
863 1606 961 1633 aceto
979 1601 1053 1633 velit
1071 1611 1189 1641 ponere
1209 1600 1368 1641 Mayhoff.

246 1644 259 1663 ³
283 1646 351 1678 Pro
379 1645 528 1677 caulium
554 1645 605 1677 Io.
634 1645 760 1676 valler
784 1650 813 1677 et
839 1645 997 1685 Mayhoff
1018 1644 1164 1676 scribunt
1189 1643 1277 1675 cauli
1304 1644 1372 1675 uni.

209 1687 308 1720 Vetus
322 1688 507 1721 coniectura
526 1693 572 1720 est
591 1688 687 1720 caule
706 1688 778 1719 11111.

243 1774 351 1805 ⁰The
372 1773 609 1805 emendations
629 1783 714 1804 were
735 1772 913 1813 suggested
935 1775 973 1803 to
994 1771 1096 1803 avoid
1117 1770 1278 1811 referring
1299 1769 1374 1801 huic

199 1822 236 1849 to
258 1817 317 1848 the
339 1817 425 1849 dark
448 1817 592 1857 variety,
611 1826 648 1847 as
670 1826 715 1847 no
733 1816 831 1847 other
848 1816 980 1856 variety
999 1815 1059 1846 has
1078 1815 1162 1845 been
1180 1814 1373 1845 mentioned

199 1862 289 1892 since
308 1860 322 1899 §
340 1860 392 1891 69.
438 1859 509 1891 The
529 1860 688 1900 meaning
706 1859 818 1890 would
837 1858 919 1889 then
941 1858 981 1888 be
1001 1858 1078 1888 that
1098 1857 1157 1888 the
1177 1857 1263 1897 juice
1283 1860 1375 1887 must

201 1904 242 1935 be
257 1902 433 1934 extraoted
449 1902 536 1934 from
553 1902 611 1933 the
628 1905 714 1938 root,
731 1905 792 1933 not
808 1901 894 1933 from
911 1901 969 1932 the
985 1900 1085 1931 stalk.

245 1945 259 1967 δ
281 1948 321 1979 M
325 1947 413 1979 edice
434 1947 502 1977 and
523 1946 669 1978 validius
688 1956 779 1977 seem
801 1950 839 1977 to
860 1945 958 1982 refer,
980 1949 1042 1976 not
1063 1949 1100 1976 to
1122 1943 1181 1975 the
1202 1943 1319 1985 length
1341 1942 1378 1974 of

202 1990 261 2021 the
278 1989 417 2031 boiling,
435 1990 498 2020 but
515 1993 551 2020 to
568 1991 613 2020 its
630 1989 793 2021 violence.

204 2047 248 2079 42
