1469 2299
423 121 617 160 PLINY:
661 123 922 160 NATURAL
956 122 1191 161 HISTORY

218 229 327 260 certe
366 230 537 274 utroque
577 228 736 262 nomine
775 225 882 262 idem
921 225 1179 275 significatur,
1218 225 1292 262 hoc
1332 231 1394 262 est

219 306 385 343 gramen
406 307 454 330 ex
477 307 565 330 aree
587 308 676 331 cum
698 308 769 331 sua
790 301 897 331 terra
919 295 1107 339 evolsum,
1129 308 1173 331 ac
1194 308 1351 344 semper
1371 308 1393 331 e

219 362 375 412 legatis,
394 376 485 400 cum
504 364 555 400 ad
573 363 708 400 hostes
728 364 1045 414 clarigatumque
1065 366 1335 408 mitterentur,
1354 364 1392 401 id

220 438 281 468 est
317 445 378 469 res
414 439 550 482 raptas
585 433 690 470 clare
726 436 959 483 repetitum,
996 447 1097 470 unus
1134 436 1273 484 utique
1310 447 1394 470 ver-

218 502 403 539 benarius
431 503 659 540 vocabatur.

183 578 202 608 6
273 571 340 609 IV.
370 571 524 609 Corona
552 573 714 622 quidem
743 573 850 609 nulla
879 572 954 609 fuit
982 575 1187 623 graminea
1216 573 1394 617 nobilior,

219 643 258 677 in
286 643 498 678 maiestate
527 642 662 692 populi
691 648 887 679 terrarum
915 645 1100 692 principis
1129 645 1394 692 praemiisque

219 710 380 760 gloriae.
434 717 664 761 gemmatae
706 717 748 748 et
788 725 948 755 aureae,
989 711 1168 755 vallares,
1209 712 1395 755 murales,

220 786 429 825 rostratae,
478 784 637 825 civicae,
686 781 946 831 triumphales
996 787 1086 831 post
1133 781 1234 818 hanc
1283 781 1394 818 fuere

220 856 393 900 suntque
430 857 598 888 cunctae
634 864 780 901 magno
816 850 1023 888 intervallo
1059 863 1286 902 magnaque
1322 850 1395 888 djf-

184 919 404 957 7ferentia.
458 926 612 957 ceteras
663 934 800 958 omnes
851 920 1008 971 singuli,
1059 926 1101 958 et
1151 921 1271 958 duces
1321 923 1394 970 ipsi

220 991 561 1040 imperatoresque
612 990 802 1027 militibus
853 996 924 1027 aut
974 990 1186 1040 aliquando
1236 990 1395 1040 collegis

220 1058 382 1103 dedere,
422 1060 599 1097 decrevit
638 1062 678 1097 in
718 1059 927 1110 triumphis
968 1066 1130 1097 senatus
1170 1074 1264 1097 cura
1302 1060 1395 1097 belli

221 1129 372 1166 solutus
417 1136 459 1166 et
505 1129 672 1179 populus
718 1132 881 1174 otiosus,
927 1133 1132 1180 graminea
1177 1143 1396 1180 numquam

222 1200 293 1235 nisi
322 1201 361 1235 in
390 1199 669 1249 desperatione
697 1213 882 1249 suprema
910 1202 1093 1250 contigit,
1120 1200 1216 1236 nulli
1245 1202 1317 1236 nisi
1346 1200 1396 1236 ab

221 1270 402 1306 universo
454 1272 631 1306 exercitu
683 1275 840 1306 servato
891 1269 1065 1306 decreta.
1120 1275 1274 1306 ceteras
1325 1272 1396 1306 im-

220 1344 424 1387 peratores
470 1339 632 1383 dedere,
678 1339 779 1376 hanc
825 1339 948 1376 solam
994 1339 1105 1376 miles
1152 1341 1394 1389 imperatori.

221 1408 363 1445 eadem
391 1414 555 1445 vocatur
582 1409 834 1446 obsidionalis
865 1409 1042 1446 liberatis
1071 1409 1275 1446 obsidione
1304 1409 1397 1445 abo-

185 1478 489 1528 8minand0que
533 1481 644 1516 exitu
686 1481 781 1516 totis
823 1481 973 1516 castris.
1029 1478 1136 1528 quod
1177 1481 1209 1515 si
1250 1481 1396 1515 civicae

220 1545 343 1584 honos
364 1562 442 1585 uno
463 1548 595 1598 aliquo
616 1562 661 1585 ae
680 1548 741 1585 vel
761 1548 982 1585 humillimo
1002 1551 1085 1585 cive
1105 1553 1263 1585 servato
1283 1561 1396 1598 prae-

220 1617 346 1654 clarus
385 1631 575 1668 sacerque
614 1617 800 1662 habetur,
839 1618 936 1668 quid
973 1618 1139 1655 tandem
1178 1620 1395 1655 existimari

221 1686 344 1724 debet
380 1690 494 1724 unius
530 1690 677 1724 virtute
714 1693 893 1725 servatus
929 1689 1133 1724 universus
1169 1687 1395 1725 exercitus?

220 1756 393 1793 dabatur
426 1756 524 1794 haee
558 1758 671 1795 viridi
706 1770 728 1794 e
761 1760 941 1808 gramine
976 1757 1167 1807 decerpto
1201 1757 1293 1794 inde
1328 1757 1395 1793 ubi

266 1908 280 1922 ‘¹
302 1904 331 1934 A
354 1903 484 1935 solemn
509 1903 718 1935 declaration
743 1903 783 1935 of
803 1914 872 1935 war
895 1904 995 1935 made
1020 1903 1101 1934 with
1126 1903 1192 1934 due
1216 1913 1397 1944 ceremony

223 1947 265 1986 by
289 1946 348 1977 the
365 1946 496 1986 fetiales*
521 1948 553 1978 in
572 1957 648 1978 case
671 1947 730 1978 the
753 1957 875 1988 enemy
899 1947 966 1977 had
990 1950 1052 1977 not
1075 1946 1175 1977 made
1197 1946 1395 1977 restitution

221 1989 339 2020 within
356 1989 397 2021 33
414 1989 511 2031 dayS.

217 2051 286 2097 298
