<?xml version="1.0" encoding="UTF-8"?>
<!DOCTYPE html PUBLIC "-//W3C//DTD XHTML 1.0 Transitional//EN"
    "http://www.w3.org/TR/xhtml1/DTD/xhtml1-transitional.dtd">
<html xmlns="http://www.w3.org/1999/xhtml" xml:lang="en" lang="en">
 <head>
  <title>
</title>
<meta http-equiv="Content-Type" content="text/html;charset=utf-8" />
  <meta name='ocr-system' content='tesseract 3.04.00' />
  <meta name='ocr-capabilities' content='ocr_page ocr_carea ocr_par ocr_line ocrx_word'/>
</head>
<body>
  <div class='ocr_page' id='page_1' title='image "./naturalhistory06plinuoft/naturalhistory06plinuoft_0324.png"; bbox 0 0 1469 2299; ppageno 0'>
   <div class='ocr_carea' id='block_1_1' title="bbox 578 372 892 408">
    <p class='ocr_par' dir='ltr' id='par_1_1' title="bbox 578 372 892 408">
     <span class='ocr_line' id='line_1_1' title="bbox 578 372 892 408; baseline 0 0"><span class='ocrx_word' id='word_1_1' title='bbox 578 372 739 408; x_wconf 84' lang='lat' dir='ltr'>LIBER</span> <span class='ocrx_word' id='word_1_2' title='bbox 774 372 892 408; x_wconf 83' lang='lat' dir='ltr'>XXII</span> 
     </span>
    </p>
   </div>
   <div class='ocr_carea' id='block_1_2' title="bbox 149 474 1360 1595">
    <p class='ocr_par' dir='ltr' id='par_1_2' title="bbox 185 474 1359 953">
     <span class='ocr_line' id='line_1_2' title="bbox 238 474 1356 524; baseline -0.002 -13"><span class='ocrx_word' id='word_1_3' title='bbox 238 474 268 511; x_wconf 95' lang='grc' dir='ltr'>Ι.</span> <span class='ocrx_word' id='word_1_4' title='bbox 299 474 490 524; x_wconf 85' lang='lat' dir='ltr'>Implesse</span> <span class='ocrx_word' id='word_1_5' title='bbox 515 481 703 524; x_wconf 80' lang='lat' dir='ltr'>poterant</span> <span class='ocrx_word' id='word_1_6' title='bbox 727 474 957 511; x_wconf 84' lang='lat' dir='ltr'>miraculum</span> <span class='ocrx_word' id='word_1_7' title='bbox 984 477 1040 510; x_wconf 82' lang='lat' dir='ltr'>sui</span> <span class='ocrx_word' id='word_1_8' title='bbox 1069 480 1210 510; x_wconf 85' lang='lat' dir='ltr'>natura</span> <span class='ocrx_word' id='word_1_9' title='bbox 1235 479 1356 522; x_wconf 85' lang='lat' dir='ltr'>atque</span> 
     </span>
     <span class='ocr_line' id='line_1_3' title="bbox 185 527 1356 577; baseline -0.002 -13"><span class='ocrx_word' id='word_1_10' title='bbox 185 528 301 564; x_wconf 88' lang='lat' dir='ltr'>tellus</span> <span class='ocrx_word' id='word_1_11' title='bbox 331 532 532 577; x_wconf 82' lang='lat' dir='ltr'>reputanti</span> <span class='ocrx_word' id='word_1_12' title='bbox 565 528 624 564; x_wconf 76' lang='lat' dir='ltr'>vel</span> <span class='ocrx_word' id='word_1_13' title='bbox 654 530 791 577; x_wconf 89' lang='lat' dir='ltr'>prioris</span> <span class='ocrx_word' id='word_1_14' title='bbox 819 534 978 564; x_wconf 89' lang='lat' dir='ltr'>tantum</span> <span class='ocrx_word' id='word_1_15' title='bbox 1009 527 1214 563; x_wconf 84' lang='lat' dir='ltr'>voluminis</span> <span class='ocrx_word' id='word_1_16' title='bbox 1243 527 1356 563; x_wconf 82' lang='lat' dir='ltr'>dotes</span> 
     </span>
     <span class='ocr_line' id='line_1_4' title="bbox 185 580 1356 631; baseline -0.001 -14"><span class='ocrx_word' id='word_1_17' title='bbox 185 587 325 631; x_wconf 85' lang='lat' dir='ltr'>totque</span> <span class='ocrx_word' id='word_1_18' title='bbox 357 596 505 631; x_wconf 87' lang='lat' dir='ltr'>genera</span> <span class='ocrx_word' id='word_1_19' title='bbox 538 581 748 618; x_wconf 82' lang='lat' dir='ltr'>herbarum</span> <span class='ocrx_word' id='word_1_20' title='bbox 782 581 1022 618; x_wconf 77' lang='lat' dir='ltr'>utilitatibus</span> <span class='ocrx_word' id='word_1_21' title='bbox 1053 580 1255 617; x_wconf 88' lang='lat' dir='ltr'>hominum</span> <span class='ocrx_word' id='word_1_22' title='bbox 1288 586 1356 616; x_wconf 86' lang='lat' dir='ltr'>aut</span> 
     </span>
     <span class='ocr_line' id='line_1_5' title="bbox 185 634 1356 684; baseline -0.001 -14"><span class='ocrx_word' id='word_1_23' title='bbox 185 635 455 684; x_wconf 80' lang='lat' dir='ltr'>voluptatibus</span> <span class='ocrx_word' id='word_1_24' title='bbox 508 638 657 683; x_wconf 67' lang='lat' dir='ltr'>genita.</span> <span class='ocrx_word' id='word_1_25' title='bbox 712 635 782 671; x_wconf 89' lang='lat' dir='ltr'>sed</span> <span class='ocrx_word' id='word_1_26' title='bbox 836 641 986 684; x_wconf 87' lang='lat' dir='ltr'>quanto</span> <span class='ocrx_word' id='word_1_27' title='bbox 1041 634 1151 683; x_wconf 88' lang='lat' dir='ltr'>plura</span> <span class='ocrx_word' id='word_1_28' title='bbox 1207 639 1356 669; x_wconf 79' lang='lat' dir='ltr'>restant</span> 
     </span>
     <span class='ocr_line' id='line_1_6' title="bbox 185 688 1358 738; baseline -0.002 -14"><span class='ocrx_word' id='word_1_29' title='bbox 185 695 416 738; x_wconf 86' lang='lat' dir='ltr'>quantoque</span> <span class='ocrx_word' id='word_1_30' title='bbox 432 689 670 725; x_wconf 75' lang='lat' dir='ltr'>mirabiliora</span> <span class='ocrx_word' id='word_1_31' title='bbox 688 691 851 725; x_wconf 85' lang='lat' dir='ltr'>inventu</span> <span class='ocrx_word' id='word_1_32' title='bbox 866 690 872 725; x_wconf 71' lang='grc' dir='ltr'><strong><em>Ξ</em></strong></span> <span class='ocrx_word' id='word_1_33' title='bbox 894 688 1071 724; x_wconf 84' lang='lat' dir='ltr'>illarum¹</span> <span class='ocrx_word' id='word_1_34' title='bbox 1090 690 1194 724; x_wconf 90' lang='lat' dir='ltr'>enim</span> <span class='ocrx_word' id='word_1_35' title='bbox 1212 689 1358 723; x_wconf 82' lang='lat' dir='ltr'>maiore</span> 
     </span>
     <span class='ocr_line' id='line_1_7' title="bbox 185 741 1359 791; baseline -0.001 -14"><span class='ocrx_word' id='word_1_36' title='bbox 185 745 223 778; x_wconf 90' lang='lat' dir='ltr'>in</span> <span class='ocrx_word' id='word_1_37' title='bbox 252 748 366 791; x_wconf 88' lang='lat' dir='ltr'>parte</span> <span class='ocrx_word' id='word_1_38' title='bbox 395 743 469 779; x_wconf 89' lang='lat' dir='ltr'>cibi</span> <span class='ocrx_word' id='word_1_39' title='bbox 501 749 570 779; x_wconf 88' lang='lat' dir='ltr'>aut</span> <span class='ocrx_word' id='word_1_40' title='bbox 598 742 727 779; x_wconf 88' lang='lat' dir='ltr'>odoris</span> <span class='ocrx_word' id='word_1_41' title='bbox 756 742 957 779; x_wconf 79' lang='lat' dir='ltr'>decorisve</span> <span class='ocrx_word' id='word_1_42' title='bbox 986 741 1280 777; x_wconf 77' lang='lat' dir='ltr'>commendatio</span> <span class='ocrx_word' id='word_1_43' title='bbox 1309 741 1359 776; x_wconf 90' lang='lat' dir='ltr'>ad</span> 
     </span>
     <span class='ocr_line' id='line_1_8' title="bbox 185 795 1359 845; baseline -0.002 -13"><span class='ocrx_word' id='word_1_44' title='bbox 185 809 393 832; x_wconf 86' lang='lat' dir='ltr'>numerosa</span> <span class='ocrx_word' id='word_1_45' title='bbox 428 799 704 845; x_wconf 84' lang='lat' dir='ltr'>experimenta</span> <span class='ocrx_word' id='word_1_46' title='bbox 738 796 866 839; x_wconf 79' lang='lat' dir='ltr'>duxit,</span> <span class='ocrx_word' id='word_1_47' title='bbox 902 795 1143 844; x_wconf 85' lang='lat' dir='ltr'>reliquarum</span> <span class='ocrx_word' id='word_1_48' title='bbox 1179 797 1359 843; x_wconf 79' lang='lat' dir='ltr'>potentia</span> 
     </span>
     <span class='ocr_line' id='line_1_9' title="bbox 185 848 1358 898; baseline -0.002 -13"><span class='ocrx_word' id='word_1_49' title='bbox 185 849 379 898; x_wconf 83' lang='lat' dir='ltr'>adprobat</span> <span class='ocrx_word' id='word_1_50' title='bbox 399 849 492 885; x_wconf 84' lang='lat' dir='ltr'>nihil</span> <span class='ocrx_word' id='word_1_51' title='bbox 513 850 563 886; x_wconf 87' lang='lat' dir='ltr'>ab</span> <span class='ocrx_word' id='word_1_52' title='bbox 582 862 713 886; x_wconf 86' lang='lat' dir='ltr'>rerum</span> <span class='ocrx_word' id='word_1_53' title='bbox 732 855 876 885; x_wconf 85' lang='lat' dir='ltr'>natura</span> <span class='ocrx_word' id='word_1_54' title='bbox 893 851 977 885; x_wconf 89' lang='lat' dir='ltr'>sine</span> <span class='ocrx_word' id='word_1_55' title='bbox 997 848 1127 897; x_wconf 87' lang='lat' dir='ltr'>aliqua</span> <span class='ocrx_word' id='word_1_56' title='bbox 1147 848 1358 884; x_wconf 82' lang='lat' dir='ltr'>occultiore</span> 
     </span>
     <span class='ocr_line' id='line_1_10' title="bbox 185 905 451 953; baseline -0.004 -14"><span class='ocrx_word' id='word_1_57' title='bbox 185 916 304 939; x_wconf 85' lang='lat' dir='ltr'>causa</span> <span class='ocrx_word' id='word_1_58' title='bbox 330 905 451 953; x_wconf 82' lang='lat' dir='ltr'>gigni.</span> 
     </span>
    </p>

    <p class='ocr_par' dir='ltr' id='par_1_3' title="bbox 149 956 1360 1434">
     <span class='ocr_line' id='line_1_11' title="bbox 149 956 1356 1006; baseline -0.002 -15"><span class='ocrx_word' id='word_1_59' title='bbox 149 962 167 991; x_wconf 84' lang='lat'>2</span> <span class='ocrx_word' id='word_1_60' title='bbox 239 956 290 992; x_wconf 95' lang='lat' dir='ltr'>II.</span> <span class='ocrx_word' id='word_1_61' title='bbox 322 956 517 1006; x_wconf 84' lang='lat' dir='ltr'>Equidem</span> <span class='ocrx_word' id='word_1_62' title='bbox 551 962 592 992; x_wconf 92' lang='lat' dir='ltr'>et</span> <span class='ocrx_word' id='word_1_63' title='bbox 623 957 773 992; x_wconf 86' lang='lat' dir='ltr'>formae</span> <span class='ocrx_word' id='word_1_64' title='bbox 804 957 934 1005; x_wconf 83' lang='lat' dir='ltr'>gratia</span> <span class='ocrx_word' id='word_1_65' title='bbox 964 957 1143 1004; x_wconf 89' lang='lat' dir='ltr'>ritusque</span> <span class='ocrx_word' id='word_1_66' title='bbox 1176 957 1356 1003; x_wconf 85' lang='lat' dir='ltr'>perpetui</span> 
     </span>
     <span class='ocr_line' id='line_1_12' title="bbox 185 1009 1357 1059; baseline -0.003 -13"><span class='ocrx_word' id='word_1_67' title='bbox 185 1012 223 1045; x_wconf 89' lang='lat' dir='ltr'>in</span> <span class='ocrx_word' id='word_1_68' title='bbox 258 1011 486 1059; x_wconf 83' lang='lat' dir='ltr'>corporibus</span> <span class='ocrx_word' id='word_1_69' title='bbox 520 1012 598 1046; x_wconf 83' lang='lat' dir='ltr'>suis</span> <span class='ocrx_word' id='word_1_70' title='bbox 634 1009 785 1058; x_wconf 91' lang='lat' dir='ltr'>aliquas</span> <span class='ocrx_word' id='word_1_71' title='bbox 821 1015 1050 1045; x_wconf 86' lang='lat' dir='ltr'>exterarum</span> <span class='ocrx_word' id='word_1_72' title='bbox 1084 1010 1265 1057; x_wconf 84' lang='lat' dir='ltr'>gentium</span> <span class='ocrx_word' id='word_1_73' title='bbox 1301 1010 1357 1043; x_wconf 91' lang='lat' dir='ltr'>uti</span> 
     </span>
     <span class='ocr_line' id='line_1_13' title="bbox 185 1061 1358 1113; baseline -0.002 -15"><span class='ocrx_word' id='word_1_74' title='bbox 185 1062 317 1100; x_wconf 84' lang='lat' dir='ltr'>herbis</span> <span class='ocrx_word' id='word_1_75' title='bbox 357 1063 594 1113; x_wconf 87' lang='lat' dir='ltr'>quibusdam</span> <span class='ocrx_word' id='word_1_76' title='bbox 637 1063 801 1099; x_wconf 87' lang='lat' dir='ltr'>adverto</span> <span class='ocrx_word' id='word_1_77' title='bbox 842 1065 984 1098; x_wconf 88' lang='lat' dir='ltr'>animo.</span> <span class='ocrx_word' id='word_1_78' title='bbox 1039 1061 1210 1098; x_wconf 88' lang='lat' dir='ltr'>inlinunt</span> <span class='ocrx_word' id='word_1_79' title='bbox 1250 1066 1358 1097; x_wconf 90' lang='lat' dir='ltr'>certe</span> 
     </span>
     <span class='ocr_line' id='line_1_14' title="bbox 187 1114 1359 1166; baseline -0.002 -14"><span class='ocrx_word' id='word_1_80' title='bbox 187 1116 270 1153; x_wconf 90' lang='lat' dir='ltr'>aliis</span> <span class='ocrx_word' id='word_1_81' title='bbox 305 1117 406 1153; x_wconf 87' lang='lat' dir='ltr'>aliae</span> <span class='ocrx_word' id='word_1_82' title='bbox 441 1117 582 1153; x_wconf 86' lang='lat' dir='ltr'>faciem</span> <span class='ocrx_word' id='word_1_83' title='bbox 618 1119 656 1152; x_wconf 92' lang='lat' dir='ltr'>in</span> <span class='ocrx_word' id='word_1_84' title='bbox 692 1116 846 1166; x_wconf 91' lang='lat' dir='ltr'>populis</span> <span class='ocrx_word' id='word_1_85' title='bbox 880 1116 1137 1152; x_wconf 86' lang='lat' dir='ltr'>barbarorum</span> <span class='ocrx_word' id='word_1_86' title='bbox 1173 1114 1359 1157; x_wconf 87' lang='lat' dir='ltr'>feminae,</span> 
     </span>
     <span class='ocr_line' id='line_1_15' title="bbox 187 1169 1359 1220; baseline -0.003 -13"><span class='ocrx_word' id='word_1_87' title='bbox 187 1183 396 1220; x_wconf 86' lang='lat' dir='ltr'>maresque</span> <span class='ocrx_word' id='word_1_88' title='bbox 430 1173 551 1207; x_wconf 88' lang='lat' dir='ltr'>etiarn</span> <span class='ocrx_word' id='word_1_89' title='bbox 585 1170 692 1219; x_wconf 90' lang='lat' dir='ltr'>apud</span> <span class='ocrx_word' id='word_1_90' title='bbox 726 1170 855 1206; x_wconf 84' lang='lat' dir='ltr'>Dacos</span> <span class='ocrx_word' id='word_1_91' title='bbox 890 1175 931 1206; x_wconf 88' lang='lat' dir='ltr'>et</span> <span class='ocrx_word' id='word_1_92' title='bbox 964 1169 1164 1205; x_wconf 85' lang='lat' dir='ltr'>Sarmatas</span> <span class='ocrx_word' id='word_1_93' title='bbox 1197 1181 1359 1217; x_wconf 89' lang='lat' dir='ltr'>corpora</span> 
     </span>
     <span class='ocr_line' id='line_1_16' title="bbox 186 1221 1360 1273; baseline -0.003 -13"><span class='ocrx_word' id='word_1_94' title='bbox 186 1237 257 1260; x_wconf 88' lang='lat' dir='ltr'>sua</span> <span class='ocrx_word' id='word_1_95' title='bbox 273 1225 502 1260; x_wconf 85' lang='lat' dir='ltr'>inscribunt.</span> <span class='ocrx_word' id='word_1_96' title='bbox 558 1224 692 1260; x_wconf 87' lang='lat' dir='ltr'>similis</span> <span class='ocrx_word' id='word_1_97' title='bbox 706 1224 721 1247; x_wconf 86' lang='lat'><strong>²</strong></span> <span class='ocrx_word' id='word_1_98' title='bbox 741 1223 961 1273; x_wconf 84' lang='lat' dir='ltr'>plantagini</span> <span class='ocrx_word' id='word_1_99' title='bbox 981 1223 1154 1272; x_wconf 87' lang='lat' dir='ltr'>glastum</span> <span class='ocrx_word' id='word_1_100' title='bbox 1172 1224 1210 1258; x_wconf 92' lang='lat' dir='ltr'>in</span> <span class='ocrx_word' id='word_1_101' title='bbox 1231 1221 1360 1258; x_wconf 85' lang='lat' dir='ltr'>Gallia</span> 
     </span>
     <span class='ocr_line' id='line_1_17' title="bbox 186 1278 1359 1327; baseline -0.003 -13"><span class='ocrx_word' id='word_1_102' title='bbox 186 1284 362 1321; x_wconf 82' lang='lat' dir='ltr'>vocatur,</span> <span class='ocrx_word' id='word_1_103' title='bbox 394 1278 673 1314; x_wconf 86' lang='lat' dir='ltr'>Britannorum</span> <span class='ocrx_word' id='word_1_104' title='bbox 706 1279 892 1327; x_wconf 83' lang='lat' dir='ltr'>coniuges</span> <span class='ocrx_word' id='word_1_105' title='bbox 925 1288 1126 1325; x_wconf 87' lang='lat' dir='ltr'>nurusque</span> <span class='ocrx_word' id='word_1_106' title='bbox 1159 1280 1246 1312; x_wconf 90' lang='lat' dir='ltr'>toto</span> <span class='ocrx_word' id='word_1_107' title='bbox 1278 1288 1359 1311; x_wconf 87' lang='lat' dir='ltr'>cor-</span> 
     </span>
     <span class='ocr_line' id='line_1_18' title="bbox 186 1328 1359 1380; baseline -0.003 -12"><span class='ocrx_word' id='word_1_108' title='bbox 186 1344 280 1380; x_wconf 91' lang='lat' dir='ltr'>pore</span> <span class='ocrx_word' id='word_1_109' title='bbox 316 1331 463 1368; x_wconf 85' lang='lat' dir='ltr'>oblitae</span> <span class='ocrx_word' id='word_1_110' title='bbox 500 1331 737 1380; x_wconf 87' lang='lat' dir='ltr'>quibusdam</span> <span class='ocrx_word' id='word_1_111' title='bbox 774 1333 813 1366; x_wconf 88' lang='lat' dir='ltr'>in</span> <span class='ocrx_word' id='word_1_112' title='bbox 848 1332 965 1366; x_wconf 87' lang='lat' dir='ltr'>sacris</span> <span class='ocrx_word' id='word_1_113' title='bbox 1002 1329 1133 1366; x_wconf 89' lang='lat' dir='ltr'>nudae</span> <span class='ocrx_word' id='word_1_114' title='bbox 1170 1328 1359 1365; x_wconf 84' lang='lat' dir='ltr'>incedunt</span> 
     </span>
     <span class='ocr_line' id='line_1_19' title="bbox 186 1384 875 1434; baseline -0.001 -13"><span class='ocrx_word' id='word_1_115' title='bbox 186 1384 431 1434; x_wconf 80' lang='lat' dir='ltr'>Aethiopum</span> <span class='ocrx_word' id='word_1_116' title='bbox 460 1385 631 1421; x_wconf 90' lang='lat' dir='ltr'>colorem</span> <span class='ocrx_word' id='word_1_117' title='bbox 659 1387 875 1420; x_wconf 87' lang='lat' dir='ltr'>imitantes.</span> 
     </span>
    </p>

    <p class='ocr_par' dir='ltr' id='par_1_4' title="bbox 151 1434 1360 1595">
     <span class='ocr_line' id='line_1_20' title="bbox 151 1434 1360 1477; baseline -0.002 -4"><span class='ocrx_word' id='word_1_118' title='bbox 151 1445 169 1473; x_wconf 85' lang='lat'><strong>3</strong></span> <span class='ocrx_word' id='word_1_119' title='bbox 241 1438 315 1474; x_wconf 93' lang='lat' dir='ltr'>III.</span> <span class='ocrx_word' id='word_1_120' title='bbox 348 1438 431 1475; x_wconf 84' lang='lat' dir='ltr'>Iam</span> <span class='ocrx_word' id='word_1_121' title='bbox 454 1452 546 1475; x_wconf 84' lang='lat' dir='ltr'>vero</span> <span class='ocrx_word' id='word_1_122' title='bbox 568 1438 669 1474; x_wconf 87' lang='lat' dir='ltr'>infici</span> <span class='ocrx_word' id='word_1_123' title='bbox 695 1443 825 1473; x_wconf 83' lang='lat' dir='ltr'>vestes</span> <span class='ocrx_word' id='word_1_124' title='bbox 848 1439 990 1473; x_wconf 88' lang='lat' dir='ltr'>scimus</span> <span class='ocrx_word' id='word_1_125' title='bbox 1014 1435 1232 1473; x_wconf 84' lang='lat' dir='ltr'>admirabili</span> <span class='ocrx_word' id='word_1_126' title='bbox 1257 1434 1360 1477; x_wconf 88' lang='lat' dir='ltr'>fuco,</span> 
     </span>
     <span class='ocr_line' id='line_1_21' title="bbox 187 1489 1359 1541; baseline -0.004 -13"><span class='ocrx_word' id='word_1_127' title='bbox 187 1497 308 1541; x_wconf 86' lang='lat' dir='ltr'>atque</span> <span class='ocrx_word' id='word_1_128' title='bbox 343 1498 386 1528; x_wconf 92' lang='lat' dir='ltr'>ut</span> <span class='ocrx_word' id='word_1_129' title='bbox 418 1492 603 1529; x_wconf 88' lang='lat' dir='ltr'>sileamus</span> <span class='ocrx_word' id='word_1_130' title='bbox 637 1491 834 1534; x_wconf 84' lang='lat' dir='ltr'>Galatiae,</span> <span class='ocrx_word' id='word_1_131' title='bbox 868 1489 1040 1533; x_wconf 86' lang='lat' dir='ltr'>Africae,</span> <span class='ocrx_word' id='word_1_132' title='bbox 1075 1489 1305 1525; x_wconf 85' lang='lat' dir='ltr'>Lusitaniae</span> <span class='ocrx_word' id='word_1_133' title='bbox 1338 1501 1359 1524; x_wconf 86' lang='lat' dir='ltr'>e</span> 
     </span>
     <span class='ocr_line' id='line_1_22' title="bbox 187 1542 1360 1595; baseline -0.003 -13"><span class='ocrx_word' id='word_1_134' title='bbox 187 1548 318 1595; x_wconf 84' lang='lat' dir='ltr'>granis</span> <span class='ocrx_word' id='word_1_135' title='bbox 353 1559 512 1582; x_wconf 91' lang='lat' dir='ltr'>coccum</span> <span class='ocrx_word' id='word_1_136' title='bbox 547 1547 809 1595; x_wconf 86' lang='lat' dir='ltr'>imperatoriis</span> <span class='ocrx_word' id='word_1_137' title='bbox 843 1544 1020 1580; x_wconf 86' lang='lat' dir='ltr'>dicatum</span> <span class='ocrx_word' id='word_1_138' title='bbox 1053 1542 1360 1592; x_wconf 87' lang='lat' dir='ltr'>paludamentis,</span> 
     </span>
    </p>
   </div>
   <div class='ocr_carea' id='block_1_3' title="bbox 194 1628 1364 1759">
    <p class='ocr_par' dir='ltr' id='par_1_5' title="bbox 194 1628 1364 1759">
     <span class='ocr_line' id='line_1_23' title="bbox 239 1628 1337 1672; baseline -0.005 -9"><span class='ocrx_word' id='word_1_139' title='bbox 239 1632 250 1650; x_wconf 76' lang='lat'>²</span> <span class='ocrx_word' id='word_1_140' title='bbox 272 1632 407 1663; x_wconf 82' lang='lat' dir='ltr'>illarum</span> <span class='ocrx_word' id='word_1_141' title='bbox 427 1632 591 1672; x_wconf 70' lang='lat' dir='ltr'>Detlessen</span> <span class='ocrx_word' id='word_1_142' title='bbox 608 1643 623 1662; x_wconf 80' lang='lat' dir='ltr'>e</span> <span class='ocrx_word' id='word_1_143' title='bbox 640 1631 726 1662; x_wconf 82' lang='lat' dir='ltr'>coni.</span> <span class='ocrx_word' id='word_1_144' title='bbox 746 1630 890 1661; x_wconf 66' lang='lat' dir='ltr'>Straclcii</span> <span class='ocrx_word' id='word_1_145' title='bbox 906 1643 912 1661; x_wconf 76' lang='lat' dir='ltr'>z</span> <span class='ocrx_word' id='word_1_146' title='bbox 944 1630 1002 1660; x_wconf 88' lang='lat' dir='ltr'>illa</span> <span class='ocrx_word' id='word_1_147' title='bbox 1019 1629 1108 1661; x_wconf 78' lang='lat' dir='ltr'>codd.</span> <span class='ocrx_word' id='word_1_148' title='bbox 1127 1634 1155 1660; x_wconf 82' lang='lat' dir='ltr'>et</span> <span class='ocrx_word' id='word_1_149' title='bbox 1173 1628 1337 1668; x_wconf 79' lang='lat' dir='ltr'>Mayhoff.</span> 
     </span>
     <span class='ocr_line' id='line_1_24' title="bbox 238 1671 1364 1714; baseline -0.004 -8"><span class='ocrx_word' id='word_1_150' title='bbox 238 1675 250 1693; x_wconf 81' lang='lat'><strong>²</strong></span> <span class='ocrx_word' id='word_1_151' title='bbox 273 1675 392 1705; x_wconf 82' lang='lat' dir='ltr'>similis</span> <span class='ocrx_word' id='word_1_152' title='bbox 414 1676 504 1706; x_wconf 82' lang='lat' dir='ltr'>codd.</span> <span class='ocrx_word' id='word_1_153' title='bbox 528 1680 556 1706; x_wconf 84' lang='lat' dir='ltr'>el</span> <span class='ocrx_word' id='word_1_154' title='bbox 580 1674 766 1714; x_wconf 75' lang='lat' dir='ltr'>Detlessen:</span> <span class='ocrx_word' id='word_1_155' title='bbox 799 1673 908 1704; x_wconf 82' lang='lat' dir='ltr'>simile</span> <span class='ocrx_word' id='word_1_156' title='bbox 932 1672 1039 1713; x_wconf 75' lang='lat' dir='ltr'>vul9.:</span> <span class='ocrx_word' id='word_1_157' title='bbox 1075 1671 1176 1702; x_wconf 87' lang='lat' dir='ltr'>simili</span> <span class='ocrx_word' id='word_1_158' title='bbox 1201 1671 1364 1711; x_wconf 76' lang='lat' dir='ltr'>Mayhoff.</span> 
     </span>
     <span class='ocr_line' id='line_1_25' title="bbox 194 1714 1262 1759; baseline -0.004 -11"><span class='ocrx_word' id='word_1_159' title='bbox 194 1717 251 1758; x_wconf 75' lang='lat' dir='ltr'>qui</span> <span class='ocrx_word' id='word_1_160' title='bbox 268 1718 366 1748; x_wconf 72' lang='lat' dir='ltr'>etiam</span> <span class='ocrx_word' id='word_1_161' title='bbox 384 1717 534 1759; x_wconf 81' lang='lat' dir='ltr'>glastum</span> <span class='ocrx_word' id='word_1_162' title='bbox 553 1718 586 1748; x_wconf 90' lang='lat' dir='ltr'>in</span> <span class='ocrx_word' id='word_1_163' title='bbox 607 1716 717 1748; x_wconf 81' lang='lat' dir='ltr'>Gallia</span> <span class='ocrx_word' id='word_1_164' title='bbox 736 1720 880 1747; x_wconf 84' lang='lat' dir='ltr'>vocatur</span> <span class='ocrx_word' id='word_1_165' title='bbox 899 1716 936 1746; x_wconf 79' lang='lat' dir='ltr'>in</span> <span class='ocrx_word' id='word_1_166' title='bbox 954 1714 1140 1756; x_wconf 76' lang='lat' dir='ltr'>parenthesi</span> <span class='ocrx_word' id='word_1_167' title='bbox 1160 1714 1262 1754; x_wconf 82' lang='lat' dir='ltr'>ponit.</span> 
     </span>
    </p>
   </div>
   <div class='ocr_carea' id='block_1_4' title="bbox 189 1831 1365 1920">
    <p class='ocr_par' dir='ltr' id='par_1_6' title="bbox 189 1831 1365 1920">
     <span class='ocr_line' id='line_1_26' title="bbox 235 1831 1365 1876; baseline -0.004 -9"><span class='ocrx_word' id='word_1_168' title='bbox 235 1841 249 1855; x_wconf 78' lang='lat'>‘¹</span> <span class='ocrx_word' id='word_1_169' title='bbox 272 1836 366 1867; x_wconf 77' lang='lat' dir='ltr'>With</span> <span class='ocrx_word' id='word_1_170' title='bbox 397 1835 580 1876; x_wconf 78' lang='lat' dir='ltr'>Mayhoff&#39;s</span> <span class='ocrx_word' id='word_1_171' title='bbox 609 1836 827 1875; x_wconf 82' lang='lat' dir='ltr'>conjecture:</span> <span class='ocrx_word' id='word_1_172' title='bbox 870 1833 999 1865; x_wconf 79' lang='lat' dir='ltr'>“With</span> <span class='ocrx_word' id='word_1_173' title='bbox 1030 1843 1049 1864; x_wconf 84' lang='lat' dir='ltr'>a</span> <span class='ocrx_word' id='word_1_174' title='bbox 1080 1832 1179 1873; x_wconf 74' lang='lat' dir='ltr'>plant</span> <span class='ocrx_word' id='word_1_175' title='bbox 1209 1832 1276 1863; x_wconf 77' lang='lat' dir='ltr'>like</span> <span class='ocrx_word' id='word_1_176' title='bbox 1306 1831 1365 1862; x_wconf 80' lang='lat' dir='ltr'>the</span> 
     </span>
     <span class='ocr_line' id='line_1_27' title="bbox 189 1875 1365 1920; baseline -0.003 -11"><span class='ocrx_word' id='word_1_177' title='bbox 189 1880 422 1920; x_wconf 85' lang='lat' dir='ltr'>plantain——in</span> <span class='ocrx_word' id='word_1_178' title='bbox 456 1878 543 1909; x_wconf 87' lang='lat' dir='ltr'>Gaul</span> <span class='ocrx_word' id='word_1_179' title='bbox 574 1879 602 1909; x_wconf 76' lang='lat' dir='ltr'>it</span> <span class='ocrx_word' id='word_1_180' title='bbox 638 1879 666 1908; x_wconf 78' lang='lat' dir='ltr'>is</span> <span class='ocrx_word' id='word_1_181' title='bbox 697 1877 804 1909; x_wconf 84' lang='lat' dir='ltr'>called</span> <span class='ocrx_word' id='word_1_182' title='bbox 839 1875 1094 1918; x_wconf 79' lang='lat' dir='ltr'>glastum—the</span> <span class='ocrx_word' id='word_1_183' title='bbox 1126 1876 1239 1911; x_wconf 87' lang='lat' dir='ltr'>wives,</span> <span class='ocrx_word' id='word_1_184' title='bbox 1274 1875 1365 1906; x_wconf 83' lang='lat' dir='ltr'>etc.&#39;’</span> 
     </span>
    </p>
   </div>
   <div class='ocr_carea' id='block_1_5' title="bbox 191 1921 1213 2006">
    <p class='ocr_par' dir='ltr' id='par_1_7' title="bbox 191 1921 1213 2006">
     <span class='ocr_line' id='line_1_28' title="bbox 191 1921 505 1953; baseline 0 0"><span class='ocrx_word' id='word_1_185' title='bbox 191 1921 339 1953; x_wconf 69' lang='lat' dir='ltr'>Gluscum</span> <span class='ocrx_word' id='word_1_186' title='bbox 357 1923 382 1953; x_wconf 83' lang='lat' dir='ltr'>is</span> <span class='ocrx_word' id='word_1_187' title='bbox 399 1922 505 1953; x_wconf 83' lang='lat' dir='ltr'>woad.</span> 
     </span>
     <span class='ocr_line' id='line_1_29' title="bbox 234 1959 1213 2006; baseline -0.005 -10"><span class='ocrx_word' id='word_1_188' title='bbox 234 1966 246 1985; x_wconf 73' lang='lat'>¹²</span> <span class='ocrx_word' id='word_1_189' title='bbox 269 1964 440 2006; x_wconf 86' lang='lat' dir='ltr'>Probably</span> <span class='ocrx_word' id='word_1_190' title='bbox 457 1975 477 1994; x_wconf 82' lang='lat' dir='ltr'>a</span> <span class='ocrx_word' id='word_1_191' title='bbox 493 1963 641 1995; x_wconf 79' lang='lat' dir='ltr'>mistake</span> <span class='ocrx_word' id='word_1_192' title='bbox 658 1963 696 1994; x_wconf 87' lang='lat' dir='ltr'>of</span> <span class='ocrx_word' id='word_1_193' title='bbox 710 1962 838 2004; x_wconf 77' lang='lat' dir='ltr'>Pliny&#39;s</span> <span class='ocrx_word' id='word_1_194' title='bbox 855 1962 908 1993; x_wconf 87' lang='lat' dir='ltr'>for</span> <span class='ocrx_word' id='word_1_195' title='bbox 925 1961 1013 1993; x_wconf 87' lang='lat' dir='ltr'>Gaul</span> <span class='ocrx_word' id='word_1_196' title='bbox 1031 1959 1213 2001; x_wconf 82' lang='grc' dir='ltr'>(Γαλατία).</span> 
     </span>
    </p>
   </div>
   <div class='ocr_carea' id='block_1_6' title="bbox 188 2038 256 2071">
    <p class='ocr_par' dir='ltr' id='par_1_8' title="bbox 188 2038 256 2071">
     <span class='ocr_line' id='line_1_30' title="bbox 188 2038 256 2071; baseline -0.015 0"><span class='ocrx_word' id='word_1_197' title='bbox 188 2038 256 2071; x_wconf 83' lang='lat'>294</span> 
     </span>
    </p>
   </div>
  </div>
 </body>
</html>
