1469 2299
133 486 190 516 134

133 1528 191 1559 13⁶3

424 101 618 138 PLINY:
664 101 924 139 NATURAL
958 100 1192 138 HISTORY

217 217 331 239 sucus
354 217 375 239 e
396 206 485 240 vino
506 204 668 247 bibitur,
691 208 732 239 et
753 202 846 240 folia
866 205 962 239 trita
983 202 1044 239 vel
1065 202 1395 239 commanducata

218 275 460 321 inponuntur
483 286 571 309 curn
595 272 712 309 melle
736 285 780 309 ac
803 272 885 309 sale
908 272 968 308 vel
992 285 1082 308 cum
1105 278 1220 309 aceto
1243 278 1284 309 et
1308 274 1394 321 pice

217 342 395 385 decocta,
431 355 523 379 suco
559 347 770 391 perunctos
808 347 849 378 et
887 355 976 378 eum
1013 341 1208 379 habentes
1245 348 1393 391 negant

219 411 323 447 feriri
353 412 402 447 ab
431 411 489 448 his
518 411 719 454 maleficis,
739 417 1040 460 serpentesque,
1068 413 1099 448 si
1128 416 1265 448 uratur
1294 417 1395 455 ruta,

219 481 394 517 nidorem
431 480 582 530 sugere.
638 481 903 517 efficacissima
939 487 1075 517 tamen
1112 486 1172 517 est
1207 480 1393 517 silvestris

218 550 328 587 radix
367 564 455 587 cum
495 553 583 587 vino
620 556 792 599 sumpta.
849 550 1017 587 eandem
1056 550 1230 587 adiciunt
1269 550 1393 586 effica-

217 622 361 656 ciorem
393 633 477 656 esse
506 621 579 656 sub
608 620 675 656 diu
703 626 852 669 potam.
908 618 1155 670 Pythagoras
1185 625 1226 655 et
1256 622 1293 655 in
1322 619 1394 656 hac

218 703 365 725 marem
392 690 606 725 minoribus·
629 689 894 738 herbaceique
918 689 1054 725 coloris
1079 688 1178 725 foliis
1202 702 1224 724 a
1247 688 1393 725 femina

218 759 416 801 discrevit,
441 772 487 795 ea
509 759 738 795 laetioribus
763 758 862 795 foliis
888 765 927 794 ct
951 759 1091 795 colore.
1148 758 1252 795 idem
1276 758 1395 794 oculis

219 831 376 864 noxiam
405 831 575 877 putavit,
603 827 760 871 falsum,
789 830 974 877 quoniam
1004 827 1219 877 scalptores
1249 834 1287 864 et
1318 831 1390 877 pic-

219 903 324 934 tores
346 897 418 934 hoc
440 899 527 934 cibo
548 903 716 934 utuntur
738 898 938 934 oculorum
960 911 1077 934 causa
1099 911 1187 934 cum
1210 911 1314 947 pane
1335 898 1394 933 vcl

221 970 429 1010 nasturtio,
462 981 604 1016 caprae
638 981 797 1016 quoque
830 967 1028 1004 silvestres
1061 972 1225 1016 propter
1256 969 1395 1003 visum.

175 1054 179 1058 >
218 1043 261 1073 ut
287 1040 410 1073 aiunt.
466 1037 579 1073 multi
605 1051 697 1073 suco
723 1039 804 1073 eius
830 1051 919 1073 cum
943 1036 1060 1073 melle
1085 1037 1222 1073 Attico
1247 1039 1394 1073 inuncti

219 1107 485 1143 discusserunt
505 1107 707 1156 caligines,
726 1106 787 1142 vel
807 1120 895 1142 curn
915 1106 1018 1142 lacte
1037 1106 1210 1143 mulieris
1230 1119 1395 1155 puerum

222 1178 375 1219 enixae,
401 1176 461 1212 vel
487 1189 585 1225 puro
610 1189 702 1212 suco
728 1176 880 1226 angulis
906 1175 1106 1212 oculorum
1131 1178 1261 1212 tactis.
1317 1179 1396 1225 epi-

219 1245 360 1294 phoras
401 1259 489 1282 cum
530 1245 693 1295 polenta
734 1248 903 1295 inposita
945 1245 1065 1288 lenit3
1120 1247 1217 1282 item
1257 1248 1396 1294 capitis

220 1315 373 1351 dolores
408 1322 503 1364 pota
537 1329 626 1351 cum
662 1317 751 1351 vino
786 1321 853 1352 aut
889 1329 978 1351 cum
1013 1320 1128 1351 aceto
1163 1321 1204 1352 et
1239 1328 1398 1351 rosaceo

219 1385 344 1428 inlita,
377 1387 406 1421 si
440 1398 532 1421 vero
564 1387 613 1421 sit
646 1384 876 1434 cephalam,
909 1398 997 1421 curn
1031 1384 1157 1421 farina
1188 1384 1396 1421 hordeacia

220 1461 258 1489 et
301 1460 426 1490 aceto.
483 1454 624 1491 eadem
665 1454 883 1491 cruditates
924 1454 1087 1491 discutit
1127 1467 1218 1490 mox
1260 1460 1301 1490 et
1342 1456 1396 1490 in-

219 1523 413 1567 flationes,
451 1524 604 1560 dolores
642 1523 835 1560 stomachi
874 1530 1042 1560 veteres.
1098 1523 1231 1560 vulvas
1269 1526 1397 1573 aperit

220 1596 460 1643 corrigitque
488 1607 694 1630 conversas
723 1593 834 1630 inlita
863 1596 901 1630 in
930 1593 1047 1630 melle
1074 1599 1161 1630 toto
1189 1598 1328 1630 ventre
1357 1600 1397 1630 et

219 1669 394 1712 pectore,
419 1662 642 1713 hydropicis
667 1677 755 1700 cum
782 1663 854 1700 fico
879 1669 920 1700 et
946 1663 1112 1700 decocta
1139 1662 1190 1700 ad
1216 1663 1396 1699 dimidias

218 1739 352 1781 partes
380 1739 556 1782 potaque
586 1746 634 1769 ex
664 1735 765 1769 vino.
821 1735 874 1769 sic
902 1733 1051 1770 bibitur
1080 1738 1121 1769 et
1149 1732 1199 1769 ad
1226 1735 1396 1782 pectoris

218 1802 371 1838 dolores
407 1802 658 1852 laterumque
694 1808 735 1839 et
770 1802 1006 1846 lumborum,
1041 1808 1184 1846 tusses,
1218 1804 1397 1852 suspiria,

221 1871 465 1920 pulmonum,
505 1874 734 1915 iocinerum,
773 1874 927 1908 renium
967 1874 1076 1915 vitia,
1114 1870 1293 1908 horrores
1333 1871 1396 1907 fri-

217 1941 341 1991 gidos.
397 1941 447 1978 ad
494 1941 679 1990 crapulae
729 1941 964 1992 gravedines
1014 1941 1258 1978 decocuntur
1304 1941 1397 1978 folia

222 2021 266 2066 78
