1469 2299
143 447 180 477 12

186 448 199 477 l

184 875 202 904 [Ο

432 126 627 164 PLINY:
672 127 933 164 NATURAL
967 127 1201 165 HISTORY

229 231 466 265 novissimae
485 228 724 265 salubriores
742 242 863 277 quam
880 231 1047 278 primae,
1066 229 1291 266 medicatae
1310 242 1402 266 vero

231 295 463 331 numquam.
520 285 708 318 iuvenum
722 285 824 318 vires
838 288 1004 332 augent,
1018 283 1179 318 senibus
1193 283 1399 319 meliorem

230 336 492 372 valitudinem
552 335 705 372 faciunt
764 338 975 385 minusque
1034 349 1236 385 rugarum.
1292 339 1400 372 sitim

230 389 388 432 sedant,
412 389 584 425 calorem
608 388 864 438 refrigerant,
888 390 939 425 ob
963 389 1003 425 id
1026 403 1104 425 non
1128 389 1340 438 negandae
1363 392 1403 425 in

232 442 410 479 febribus
453 445 677 479 constrictis
720 455 818 491 quas
860 448 1024 492 stegnas
1066 448 1221 479 vocant.
1277 445 1404 479 siccae

232 496 293 532 fici
307 495 559 532 stomachum
573 495 755 539 laedunt,
769 499 925 545 gutturi
941 501 983 532 et
996 495 1178 532 faucibus
1191 496 1403 545 magnifice

231 549 363 586 utiles.
418 555 565 585 natura
601 548 660 585 his
699 548 1000 586 excalfaciendi.
1056 552 1163 585 sitim
1201 549 1404 593 adferunt,

232 603 364 639 alvum
406 603 605 646 molliunt,
646 602 944 639 rheumatismis
987 605 1071 639 eius
1113 608 1156 639 et
1197 602 1404 640 stomacho

230 659 468 699 contrariae,
487 659 643 692 vesicae
662 669 821 705 semper
840 656 958 692 utiles
979 661 1021 692 et
1040 655 1340 693 anhelatoribus
1360 669 1405 692 ac

231 712 468 759 suspiriosis,
501 712 599 746 item
633 712 865 753 iocinerum,
899 712 1068 752 renium,
1102 709 1252 746 lienum
1285 712 1403 746 vitiis.

231 777 373 812 corpus
401 769 443 799 et
470 765 571 799 vires
599 763 805 806 adiuvant,
831 763 882 799 ob
909 763 949 799 id
976 768 1097 799 antea
1124 762 1304 799 athletae
1331 762 1406 799 hoe

231 818 318 853 cibo
358 817 650 865 pascebantur3
693 814 944 866 Pythagoras
980 819 1223 852 exercitator
1256 819 1405 865 primus

232 870 281 906 ad
311 882 449 906 carnes
480 882 546 906 eos
576 869 796 906 transtulit.
852 869 1133 919 recolligenti1
1163 882 1205 906 se
1236 883 1257 905 a
1287 869 1406 919 longa

232 923 453 960 valitudine
481 923 749 966 utilissimae,2
775 925 872 959 item
900 923 1166 959 comitialibus
1194 928 1235 959 et
1261 922 1405 972 hydro-

233 979 352 1026 picis3
386 977 652 1025 omnibusque
673 989 777 1025 quae
802 976 1043 1013 maturanda
1064 982 1134 1012 aut
1154 976 1406 1013 discutienda

231 1033 311 1067 sint
343 1033 589 1079 inponuntur
621 1029 817 1067 efficacius
849 1030 956 1066 calce
989 1035 1059 1066 aut
1090 1032 1195 1066 nitro
1228 1035 1298 1066 aut
1329 1030 1406 1066 iri³

232 1084 424 1120 admixto.
480 1089 619 1119 coctae
670 1097 761 1119 cum
813 1083 966 1133 hysopo
1018 1089 1159 1132 pectus
1215 1089 1405 1133 purgant,

232 1140 436 1186 pituitam,
455 1139 596 1173 tussim
616 1142 811 1180 veterem,
831 1151 921 1173 cum
940 1139 1031 1172 vino
1051 1142 1188 1173 autem
1206 1137 1344 1172 sedem
1364 1142 1407 1173 et

232 1197 409 1227 tumores
441 1190 706 1226 maxillarum.
764 1190 814 1226 ad
845 1190 1090 1234 furunculos,
1122 1203 1260 1239 panos,
1292 1203 1404 1239 paro-

232 1244 336 1280 ditas
365 1244 558 1280 decoctae
587 1244 820 1280 inlinuntur.
877 1244 976 1280 utile
1006 1249 1048 1280 et
1076 1243 1242 1280 decocto
1272 1243 1406 1280 fovere

233 1311 370 1333 earum
415 1296 617 1333 feminas.4
675 1297 817 1333 eodem
864 1310 1024 1346 quoque
1069 1297 1269 1333 decocto5
1315 1310 1405 1333 cum

236 1351 328 1388 feno
357 1351 511 1387 Graeco
539 1351 658 1387 utiles
685 1356 779 1387 sunt
807 1356 849 1387 et
876 1351 1095 1400 pleuriticis
1123 1363 1168 1387 ac
1194 1353 1406 1400 peripneu-

278 1467 289 1486 1
315 1466 521 1507 recolligenti
560 1466 752 1504 Gronovius,
789 1467 907 1503 Hard„
947 1466 1127 1508 Dellesscn:
1175 1465 1406 1507 recolligentes

235 1510 336 1546 codd„
358 1509 519 1550 Marylzoff.

278 1552 290 1571 ²
316 1553 514 1583 utilissimae
531 1552 632 1588 codd„
651 1550 812 1593 Detlessen
828 1564 834 1583 ε
866 1551 1043 1583 utilissime
1061 1551 1222 1592 Mayhoff.

282 1596 295 1614 ³
319 1596 358 1626 iri
375 1596 492 1631 Ianus,
512 1594 685 1636 Dellefsen‚
704 1595 877 1635 Muylzosf:
908 1595 930 1625 fi
946 1595 1034 1626 codd.
1052 1607 1059 1625 z
1090 1605 1151 1626 om.
1169 1594 1253 1636 vuly.

280 1639 293 1657 4
317 1649 432 1669 earum
458 1638 611 1669 feminas.
633 1637 816 1679 Detlefsen:
846 1648 974 1675 earum,
998 1637 1208 1677 feminasque
1233 1637 1400 1678 Mayhoff:

234 1691 349 1712 earum
367 1681 509 1712 feminas
527 1691 661 1721 quoque
679 1681 766 1711 codd.

277 1725 289 1743 5
314 1724 431 1755 eodem
448 1734 582 1764 quoque
596 1724 736 1754 decocto
749 1734 804 1762 eqo
819 1735 826 1754 ε
856 1733 990 1763 quoque
1004 1723 1144 1754 decocto
1157 1723 1276 1754 eodem
1290 1724 1379 1755 codd.
1396 1735 1403 1754 :

234 1767 353 1798 eodem
371 1777 505 1807 quoque
529 1767 689 1798 decoctae
705 1765 892 1808 Detlefsen:
921 1766 1062 1798 decocto
1085 1766 1204 1797 eodem
1228 1766 1384 1807 Mayhosf
1395 1779 1402 1797 ε

236 1809 396 1841 decoctae
413 1820 546 1850 quoque
562 1809 700 1840 eaedem
715 1809 799 1850 vulq.
844 1809 889 1840 Al
894 1808 919 1839 ii
933 1808 1028 1841 aliter
1043 1809 1273 1841 distinrerunt.

270 1953 285 1969 ⁰
309 1949 368 1981 See
381 1949 474 1981 XVI.
487 1949 502 1990 ξ
516 1951 576 1980 118
582 1950 668 1989 ficus
678 1949 747 1981 sola
757 1960 795 1981 ex
805 1949 953 1981 omnium
963 1949 1115 1980 arborum
1121 1949 1193 1990 fetu
1204 1949 1405 1980 maturitatis

230 2002 327 2023 causa
344 1992 531 2024 medicatur.

230 2065 301 2101 494
