1469 2299
152 238 212 269 155

154 589 211 620 156

154 1118 209 1149 157

439 127 634 166 PLINY:
679 127 941 164 NATURAL
975 127 1209 165 HISTORY

239 232 402 281 fugiunt
433 236 634 267 venenata
666 232 811 267 omnia.
867 229 1031 279 prodest
1063 235 1203 267 contra
1234 232 1336 268 ictus
1370 237 1412 268 et

240 297 371 340 potus,
395 292 572 326 maxime
597 295 735 326 autem
758 287 868 325 eius1
892 288 1026 326 laurus
1049 301 1153 338 quae
1175 292 1412 326 tenuissima

240 349 365 385 habet
421 348 525 385 folia.
591 349 716 384 bacae
770 360 860 384 cum
914 349 1006 384 vino
1060 348 1315 397 serpentibus
1371 354 1413 385 et

239 408 511 457 scorpionibus
537 412 579 443 et
603 408 758 443 araneis
782 408 987 443 resistunt.
1044 418 1094 443 ex
1118 405 1206 443 oleo
1231 411 1274 443 at.
1297 413 1413 444 aceto

240 467 462 503 inlinuntur
489 472 530 502 et
556 466 665 509 lieni,
691 467 868 509 iocineri,
893 467 1135 515 gangraenis
1161 478 1253 502 cum
1279 466 1409 503 melle.

239 531 280 562 et
317 528 356 561 in
394 525 633 575 fatigatione
672 527 795 561 etiam
831 529 902 560 aut
937 523 1196 573 perfrictione
1232 537 1328 561 suco
1364 538 1412 562 eo

238 587 436 634 perungui
461 587 565 620 nitro
590 583 747 620 adiecto
770 582 948 633 prodest.
1003 588 1098 620 sunt
1122 585 1189 632 qui
1212 582 1410 620 celeritati

239 649 378 692 partus
409 642 589 680 conferre
621 642 793 679 multum
824 647 972 691 putent
1002 641 1178 678 radicem
1208 643 1408 679 acetabuli

240 715 425 738 mensura
451 704 491 738 in
519 714 623 751 aqua
649 707 802 750 potam,
830 701 1025 737 efficacius
1055 706 1261 738 recentem
1291 714 1411 750 quam

239 761 403 797 aridam.
459 759 622 810 quidam
648 760 836 797 adversus
862 762 1114 808 scorpionum
1138 762 1240 796 ictus
1266 759 1407 796 decem

238 820 356 856 bacas
386 820 470 855 dari
500 820 641 855 iubent
671 819 802 868 potu,2
831 821 931 854 item
961 824 1003 854 et
1031 821 1071 854 in
1100 818 1279 855 remedio
1308 832 1409 855 uvae

239 881 405 915 iacentis
453 878 721 928 quadrantem
769 877 902 927 pondo
940 877 1129 914 bacarum
1177 876 1411 914 foliorumve

238 937 407 986 decoqui
439 939 478 973 in
511 950 640 986 aquae
672 938 856 973 sextariis
889 936 1016 973 tribus
1049 935 1099 972 ad
1130 938 1286 980 tertias,
1320 949 1408 973 eam

239 996 409 1033 calidam
452 998 705 1046 gargarizare
751 1000 793 1032 et
835 998 874 1031 in
919 997 1061 1044 capitis
1104 994 1240 1031 dolore
1283 997 1409 1044 inpari

238 1068 404 1091 numero
445 1055 564 1091 bacas
606 1068 696 1091 cuin
737 1054 825 1091 oleo
866 1059 1076 1091 conterere
1118 1059 1160 1090 et
1201 1053 1408 1091 calfacere.

236 1113 369 1150 laurus
412 1113 633 1163 Delphicae
674 1113 767 1150 folia
815 1115 912 1149 trita
961 1111 1190 1162 olfactaque
1241 1113 1410 1150 subinde

238 1172 496 1222 pestilentiae
526 1175 713 1222 contagia
744 1171 972 1221 prohibent,
1003 1177 1118 1208 tanto
1149 1173 1276 1222 magis
1306 1174 1337 1208 si
1369 1177 1411 1208 et

239 1237 417 1268 urantur.
474 1231 607 1268 oleum
629 1245 677 1267 cx
701 1230 897 1280 Delphica
918 1230 969 1267 ad
989 1236 1125 1267 cerata
1146 1243 1410 1280 acopumque,

239 1290 289 1327 ad
341 1290 620 1340 perfrictiones
672 1289 958 1334 discutiendas,
1010 1302 1152 1326 nervos
1203 1289 1409 1333 laxandos,

239 1349 375 1386 lateris
410 1349 580 1393 dolores,
616 1348 747 1385 febres
783 1348 947 1398 frigidas
983 1348 1081 1385 utile
1117 1353 1192 1392 est,
1226 1350 1326 1385 item
1360 1349 1410 1385 ad

238 1411 393 1445 aurium
420 1408 597 1445 dolorem
624 1411 663 1444 in
690 1408 783 1444 mali
810 1410 943 1457 punici
970 1410 1117 1444 cortice
1144 1406 1407 1456 tepefactum.

238 1467 331 1503 folia
352 1467 519 1504 decocta
541 1467 591 1503 ad
612 1469 752 1503 tertias
774 1472 910 1515 partes
932 1479 1061 1515 aquae
1082 1479 1200 1502 uvam
1220 1465 1409 1503 cohibent

237 1528 571 1576 gargarizatione,
603 1531 702 1575 potu
735 1526 810 1562 alvi
841 1525 997 1562 dolores
1028 1527 1408 1575 intestinorumque,

238 1587 456 1622 tenerrima
484 1598 533 1622 ex
561 1584 621 1621 his
649 1587 746 1621 trita
774 1587 813 1620 in
838 1587 929 1621 vino
956 1584 1123 1634 papulas
1150 1586 1408 1634 pruritusque

285 1692 297 1712 ¹
321 1694 392 1723 eius
409 1692 505 1733 vnly„
523 1691 684 1734 Detlejsen
701 1704 707 1723 :
738 1691 830 1723 valet
847 1691 1021 1732 Mayhoff:
1050 1694 1085 1724 et
1101 1696 1157 1723 aul
1172 1702 1213 1723 ea
1228 1692 1316 1724 codd.

284 1735 295 1753 ²
321 1740 405 1776 potu
422 1735 461 1772 V,
479 1734 659 1777 Dellef-sen:
684 1736 781 1776 potui
798 1735 850 1766 dE
866 1735 949 1777 vzclq.
969 1734 1131 1776 Mayhoff,
1147 1734 1204 1776 qui
1224 1736 1307 1767 item
1322 1737 1357 1766 et
1373 1735 1406 1766 in

237 1779 424 1810 remedium
440 1778 509 1810 coll.
527 1778 639 1810 XXV.
660 1780 720 1810 145
736 1778 821 1810 coni.

276 1911 290 1925 ‘¹
313 1906 490 1937 Forcellini
517 1917 594 1946 says
621 1906 699 1937 that
726 1906 869 1937 resistere
895 1906 922 1937 is
949 1905 1032 1937 used
1056 1906 1124 1938 “de
1151 1906 1404 1943 medicamentis,

226 1960 306 1990 qnae
323 1950 447 1981 morbos
464 1949 659 1989 propellunt,
678 1959 731 1980 nec
749 1949 864 1980 sinunt
879 1948 1058 1980 accedere.”
1105 1949 1139 1980 11:
1155 1949 1182 1980 is
1199 1960 1219 1980 a
1235 1948 1404 1980 favourite

229 1993 319 2023 word
339 1993 421 2024 with
441 1993 549 2033 Pliny.
600 1992 760 2023 whether
778 1991 837 2023 the
855 1996 1012 2023 sentence
1031 1991 1138 2022 under
1157 1992 1403 2023 consideration

235 2065 303 2101 520
