1469 2299
146 614 187 643 59

143 1254 184 1285 60

420 130 615 169 PLINY:
661 131 923 168 NATURAL
958 130 1192 169 HISTORY

217 230 313 269 dum
336 236 376 270 in
400 246 447 270 eo
471 234 702 283 exemplum
725 236 881 283 ingens,
904 234 1102 283 siquidem
1128 233 1186 270 M.
1211 234 1392 284 Agrippa

217 290 412 336 supremis
434 290 513 324 suis
532 290 644 324 annis
665 287 917 324 conflictatus
938 290 1048 337 gravi
1070 288 1208 324 morbo
1228 287 1390 337 pedum,

217 353 307 376 cum
337 340 515 377 dolorem
546 354 638 377 eum
668 344 826 390 perpeti
857 344 1059 390 nequiret,
1089 343 1205 377 unius
1223 341 1236 363 ¹
1267 341 1390 377 medi—

217 406 352 430 corum
373 400 610 443 portentosa
630 393 827 431 scicntia2
848 397 1061 445 ignorante
1084 394 1174 431 divo
1206 395 1392 444 Augusto

217 450 320 483 tanti
360 451 520 496 putavit
557 462 630 484 usu
668 448 820 497 pedum
857 461 1057 497 sensuque
1096 450 1201 484 omni
1241 461 1391 492 carere,

215 500 433 537 dummodo
455 507 497 537 et
518 501 654 538 dolore
674 502 741 538 illo
762 507 932 545 careret,
954 502 1147 538 demersis
1168 504 1209 537 in
1230 507 1389 538 acetum

216 554 387 590 calidum
408 556 586 591 cruribus
605 558 645 591 in
665 558 857 592 acerrimo
875 558 1030 604 impetu
1050 555 1189 591 morbi.

269 608 461 645 XXVIII.
493 609 668 645 Acetum
709 609 906 645 scillinum
948 611 1223 644 inveteratum
1264 610 1391 658 magis

216 662 421 709 probatur.
477 662 643 711 prodest
666 675 787 711 super
810 675 858 698 ea
883 675 987 711 quae
1011 661 1184 698 diximus
1209 674 1392 698 acescen-

215 715 619 765 tibus,³-—gustatum
657 719 763 752 enim
799 715 965 752 discutit
1000 728 1173 764 poenam
1206 721 1392 751 eam—et

215 767 274 804 his
305 770 372 818 qui
402 771 524 806 ieiuni
550 769 927 813 vomant,-—callum
959 772 1064 805 enim
1096 768 1271 805 faucium
1296 767 1393 805 facit

215 834 259 857 ac
280 822 693 859 stomachi—odorem
716 826 792 859 oris
814 823 934 866 tollit,
955 825 1137 872 gingivas
1159 821 1388 872 adstringit,

214 874 359 912 dentes
392 876 539 920 firmat,
571 877 745 913 colorem
778 876 985 913 meliorem
1017 881 1212 925 praestat.
1267 875 1390 912 tardi-

215 934 343 965 tatem
387 942 549 979 quoque
593 933 748 966 aurium
791 932 1114 980 gargarizatione
1158 935 1307 979 purgat
1351 935 1392 966 et

215 985 428 1020 transitum
464 983 625 1020 auditus
660 986 802 1033 aperit.
859 983 1063 1020 oculorum
1098 985 1225 1019 aciem
1259 983 1391 1019 obiter

214 1039 389 1080 exacuit,
457 1037 740 1080 comitialibus,
810 1036 1120 1080 melancholicis,
1189 1039 1390 1086 vertigini,

214 1089 418 1126 volvarum
445 1091 848 1140 strangulationibus,
876 1093 1071 1140 percussis
1100 1095 1170 1126 aut
1199 1092 1391 1139 praecipi-

214 1146 309 1179 tatis
337 1150 379 1180 et
405 1144 456 1180 ob
483 1144 523 1180 id
548 1147 745 1195 sanguine
771 1144 1028 1194 conglobato,
1056 1146 1186 1180 nervis
1212 1143 1391 1186 infirmis,

214 1200 369 1233 renium
391 1200 496 1233 vltiis
517 1211 714 1247 perquam
736 1198 850 1241 utile,
872 1197 1094 1234 cavendum
1118 1197 1371 1234 exulceratis.

265 1250 415 1287 XXIX.
447 1252 635 1301 Oxymeli
661 1254 831 1301 antiqui,
855 1258 901 1288 ut
926 1251 1128 1287 Dieuches
1154 1250 1293 1294 tradit,
1317 1250 1392 1287 hoc

212 1304 330 1339 modo
373 1306 687 1354 temperabant3
745 1305 873 1342 mellis
915 1308 1044 1341 minas
1087 1304 1243 1348 decem,
1287 1307 1390 1341 aceti

212 1360 359 1393 veteris
385 1358 566 1395 heminas
592 1362 785 1408 quinque,
809 1359 901 1395 salis
926 1361 1066 1394 marini
1093 1357 1225 1407 pondo
1250 1357 1391 1394 libram

212 1411 495 1459 quadrantem,
542 1425 672 1462 aquae
690 1412 707 1435 ‘²
754 1415 951 1449 sextarios
1006 1415 1186 1461 quinque
1239 1414 1392 1461 pariter

212 1466 445 1514 coquebant
470 1465 634 1503 deciens
659 1465 968 1503 defervescente
994 1468 1162 1508 cortina,
1184 1470 1309 1514 atque
1333 1467 1392 1501 ita

394 1578 406 1596 ¹
429 1579 529 1609 unius
545 1579 634 1610 codd.
652 1591 659 1610 :
690 1589 771 1610 usus
788 1577 962 1620 Deilessen.

390 1620 402 1639 ²
427 1622 569 1653 scientia
585 1621 674 1653 codd.
692 1634 699 1652 ι
729 1623 901 1653 sententia
917 1621 1001 1654 coni.
1022 1621 1184 1662 Mayhoff.

389 1663 402 1682 ³
424 1664 561 1696 Addunt
577 1665 629 1696 hic
647 1664 740 1696 cibus
758 1665 797 1702 E,
815 1663 913 1705 vulq„
929 1664 1093 1704 sslayhosf.

389 1706 401 1724 ⁴
423 1717 534 1747 aquae
551 1708 635 1739 coni.
657 1707 764 1739 Ianus
779 1720 785 1739 ε
818 1718 928 1748 aquae
946 1708 1097 1739 marinae
1114 1707 1203 1739 codd.

250 1829 264 1843 ⁴²
287 1825 358 1856 The
379 1829 475 1866 story
496 1836 603 1857 seems
625 1826 840 1867 incomplete,
863 1837 899 1857 as
922 1837 970 1857 we
991 1836 1048 1857 are
1070 1825 1236 1857 informed
1257 1826 1389 1857 neither

208 1868 284 1909 why
299 1868 393 1899 there
405 1879 472 1900 was
485 1879 506 1899 a
519 1870 586 1900 risk
600 1879 662 1899 nor
673 1870 764 1900 what
776 1879 843 1900 was
857 1869 915 1900 the
929 1869 1035 1900 result
1047 1869 1085 1900 of
1095 1869 1152 1900 the
1166 1870 1387 1910 experiment.

207 1911 456 1948 Furthermore,
479 1911 556 1953 why
578 1912 700 1943 should
722 1913 895 1954 Augustus
918 1912 959 1943 be
990 1912 1072 1953 kept
1093 1913 1126 1942 in
1154 1913 1333 1953 ignorance
1354 1912 1393 1943 of

207 1955 298 2028 whlat
316 1955 353 1991 is,
371 1955 459 1986 after
476 1955 533 1993 all,
551 1965 633 1997 very
650 1955 770 1997 simple
786 1958 999 1987 treatment?
1047 1956 1062 1986 I
1080 1958 1216 1996 suspect
1232 1965 1253 1985 a
1269 1955 1388 1986 lacuna

207 2008 244 2028 or
272 2008 406 2029 acume.

207 2070 277 2105 454
