1469 2299
153 382 169 410 7
174 381 192 410 3

158 1340 197 1371 75

423 112 586 149 PLINY
602 125 610 148 :
653 112 686 148 N
691 112 915 149 ATURAL
951 113 988 149 H
994 112 1184 149 ISTORY

219 215 484 264 adstringunt.
539 226 675 250 semen
705 214 901 250 acetabuli
930 227 1115 250 mensura
1142 214 1390 264 dysintericis

219 268 392 317 prodest.
448 281 552 316 aqua
575 273 710 304 autem
734 267 854 304 betae
877 267 1008 303 radice
1031 267 1196 304 decocta
1218 268 1390 305 maculas

220 324 389 358 vestium
414 321 490 357 elui
515 321 665 363 dicunt,
691 323 787 357 item
812 321 1145 357 membranarum.

270 374 418 411 XXIX.
450 374 583 410 Intubi
621 387 778 423 quoque
813 387 891 410 non
927 379 1041 410 extra
1077 374 1252 411 remedia
1286 381 1390 411 sunt.

220 441 334 464 sucus
367 440 502 464 eorum
535 440 624 464 eum
656 440 815 464 rosaceo
848 433 889 464 et
921 433 1035 464 aceto
1066 430 1206 477 capitis
1238 427 1392 465 dolores

221 481 331 524 lenit,
358 481 545 530 idemque
572 494 660 517 cum
689 483 778 517 vino
805 486 922 530 potus
950 483 1128 518 iocineris
1157 487 1198 518 et
1224 484 1392 525 vesicae,

221 541 261 571 et
286 533 482 583 epiphoris
506 537 719 583 inponitur.
774 537 986 571 erraticum
1010 534 1116 583 apud
1139 548 1208 571 nos
1231 534 1392 584 quidam

221 589 473 625 ambubaiam
527 587 790 637 appellavere.
844 590 884 624 in
937 589 1128 637 Aegypto
1181 587 1393 624 cichorium

221 647 363 678 vocant
383 641 489 690 quod
507 641 686 678 silvestre
705 643 770 683 sit,
789 643 959 678 sativum
980 648 1115 678 autem
1136 643 1268 684 serim,
1288 642 1394 691 quod

222 701 283 732 est
311 698 439 731 minus
469 700 510 730 et
538 697 732 731 venosius.

273 748 398 784 XXX.
429 747 651 784 Cichorium
684 747 891 797 refrigerat
926 750 964 783 in
997 749 1084 784 cibo
1117 754 1319 797 sumptum
1353 754 1394 785 et

222 801 377 838 inlitum
408 801 682 844 collectiones3
726 814 840 837 sucus
870 801 1022 837 decocti
1055 808 1235 837 ventrem
1266 801 1393 845 solvit,

223 857 379 891 iocineri
405 861 444 891 et
468 855 625 891 renibus
650 860 690 891 et
713 853 917 891 stomacho
940 854 1113 903 prodest.
1169 857 1279 898 item,
1302 857 1332 892 si
1355 857 1394 891 in

223 914 336 944 aceto
380 907 638 957 decoquatur,
682 910 819 944 urinae
862 910 1033 944 tormina
1077 907 1253 952 discutit,
1297 910 1393 945 item

223 962 403 997 morbum
423 964 577 1010 regium
599 974 647 997 ex
670 961 809 1004 mulso,
830 963 859 997 si
882 963 965 997 sine
987 960 1087 997 febri
1108 963 1170 998 sit.
1225 963 1393 998 vesicam

223 1015 395 1051 adiuvat.
451 1014 660 1051 mulierum
682 1015 842 1064 quidem
864 1015 1165 1064 purgationibus
1187 1014 1394 1051 decoctum

223 1071 261 1104 in
295 1081 398 1117 aqua
435 1068 535 1104 adeo
568 1067 729 1117 prodest
762 1074 807 1104 ut
846 1074 1045 1104 emortuos
1078 1074 1214 1117 partus
1248 1067 1394 1105 trahat.

224 1121 397 1158 adiciunt
420 1120 531 1171 Magi
551 1134 643 1157 suco
661 1124 783 1158 totius
803 1134 891 1157 cum
911 1121 998 1158 oleo
1015 1127 1227 1170 perunctos
1246 1121 1395 1158 favora-

223 1175 379 1211 biliores
406 1174 488 1211 fieri
516 1181 557 1211 et
583 1188 686 1224 quae
712 1174 833 1211 velint
861 1174 1010 1211 facilius
1037 1177 1265 1224 impetrare,
1291 1175 1394 1224 quod

224 1228 413 1277 quidem1
462 1234 624 1277 propter
669 1228 909 1278 singularem
955 1227 1231 1265 salubritatem
1277 1228 1394 1278 aliqui

223 1281 406 1318 chreston
436 1281 651 1330 appellant,
681 1281 743 1318 alii
773 1283 1015 1330 pancration.

275 1335 422 1371 XXXI.
453 1335 505 1371 Et
526 1335 704 1371 silvestre
724 1334 968 1384 genus—alii
989 1334 1243 1384 hedypnoida
1255 1342 1395 1372 vocant

224 1388 422 1424 —latioris
470 1387 564 1431 folii,
611 1387 859 1425 stomachum
906 1388 1140 1425 dissolutum
1186 1388 1396 1438 adstringit

225 1447 350 1485 cocta,
384 1441 584 1490 crudaque
619 1444 721 1478 sistit
756 1441 898 1478 alvum.
955 1447 995 1478 et
1029 1442 1276 1491 dysintericis
1310 1455 1396 1491 pro-

226 1495 328 1537 dest,
356 1497 481 1544 magis
509 1508 598 1531 cum
627 1495 747 1531 lente.
802 1501 920 1544 rupta
948 1501 989 1532 et
1017 1494 1200 1531 convulsa
1227 1501 1397 1544 utroque

225 1561 372 1597 genere
407 1551 604 1592 iuvantur,
638 1551 735 1585 item
768 1551 952 1599 genitura
986 1549 1127 1598 quibus
1161 1548 1396 1585 valetudinis

224 1602 359 1638 morbo
378 1601 524 1639 effluat.

275 1698 286 1716 ¹
314 1699 434 1729 Varias
470 1698 620 1730 Lectione-s
658 1699 737 1730 dant
774 1699 864 1730 codd.
910 1698 1075 1740 DeiJessen
1111 1699 1222 1730 scribit
1260 1700 1397 1739 quando

233 1741 367 1781 quidem
388 1746 415 1773 el
436 1742 592 1782 ,llayhoff
608 1752 817 1782 quamquam
837 1741 938 1773 idem.

264 1863 277 1877 ‘¹
302 1859 401 1900 Pliny
424 1861 450 1890 is
472 1859 539 1890 still
561 1859 696 1899 dealing
718 1859 799 1890 with
826 1859 960 1897 endive,
982 1866 1044 1890 nob
1065 1862 1142 1893 true
1163 1859 1397 1901 chieory—see

224 1902 321 1933 XXI.
340 1903 380 1932 88
397 1902 464 1933 and
482 1902 580 1933 XIX.
601 1903 670 1933 129.

267 1946 279 1963 ⁶
304 1945 370 1975 For
385 1944 479 1975 these
496 1955 549 1975 see
566 1945 818 1982 Introduction,
837 1955 893 1986 pp.
911 1945 1083 1978 xviii-xxi.

267 1993 277 2006 ⁶
300 1989 390 2019 That
411 1990 450 2024 is,
473 1989 492 2000 “
507 1989 766 2020 sweet-scented
783 1988 803 2001 ”
824 1997 861 2018 or
881 1992 902 2005 “
915 1985 1106 2029 fragrant.‘'

225 2061 271 2094 44
