1469 2299
108 335 147 365 97

110 890 151 919 98

376 103 570 141 PLINY:
615 102 877 141 NATURAL
910 101 1145 139 HISTORY

178 212 316 242 vertex
349 219 526 242 summus
559 206 761 242 lacrimam
793 207 974 241 continet
1006 203 1164 240 iucundi
1199 206 1347 252 saporis

177 266 412 304 acanthicen
436 269 629 303 masticen
655 266 911 316 appellatam.

228 328 352 365 LVII.
384 329 435 365 Et
454 334 585 365 cactos
603 341 763 378 quoque
780 330 820 364 in
837 327 966 364 Sicilia
983 332 1143 363 tantum
1160 328 1347 370 nascitur,

177 403 272 426 suae
294 392 550 440 proprietatis
574 395 616 426 et
638 392 735 439 ipse.
791 391 830 425 in
852 394 959 425 terra
983 393 1149 437 serpunt
1171 388 1303 424 caules
1327 401 1349 424 a

180 452 308 489 radice
339 454 484 496 emissi,
514 451 595 488 lato
625 451 717 488 folio
747 456 789 488 et
818 452 988 500 spinoso.
1044 449 1176 486 caules
1206 455 1349 486 vocant

177 519 322 557 cactos,
355 526 428 550 nec
459 513 671 550 fastidiunt
700 515 740 549 in
771 513 868 549 cibis
899 514 1144 548 inveteratos
1176 524 1348 561 quoque.

179 588 299 611 unum
330 580 466 612 autem
496 574 650 611 caulem
681 579 836 611 rectum
868 573 1020 610 habetl
1054 586 1174 622 quem
1208 578 1351 609 vocant

178 639 371 685 pternica,
409 636 587 673 eiusdem
624 638 847 679 suavitatis,
884 635 955 671 sed
991 636 1204 671 vetustatis
1241 636 1351 683 inpa-

177 700 361 734 tientem.
417 711 554 735 semen
572 700 605 734 ei
620 698 635 721 2
650 697 847 747 lanuginis
865 710 984 746 quam
1001 709 1177 746 pappum
1194 701 1351 739 vocant,

177 773 255 809 quo
289 759 472 796 detracto
507 765 548 796 et
582 759 759 796 cortice3
791 760 985 795 teneritas
1020 758 1154 794 similis
1188 758 1351 794 cerebro

178 821 334 870 palmae
358 827 431 858 est.
487 826 630 858 vocant
653 820 835 857 ascalian.

230 882 379 919 LVIII.
408 882 592 919 Tribulus
620 896 699 919 non
726 884 799 918 nisi
827 884 867 918 in
894 881 1136 931 palustribus
1164 883 1350 917 nascitur.

177 944 307 981 dura4
335 958 397 981 res
427 944 519 981 alibi
554 947 667 981 iuxta
696 944 830 980 Nilum
860 949 902 980 et
931 942 1185 993 Strymonem
1215 955 1352 979 amnes

178 1008 375 1055 excipitur
408 1009 447 1042 in
481 1007 603 1050 cibos,
632 1006 843 1042 inclinatus
878 1007 917 1041 in
951 1004 1111 1048 vadum,
1146 1004 1267 1041 folio5
1302 1004 1352 1040 ad

178 1068 350 1118 effigiem
383 1067 492 1111 ulmi,
524 1067 708 1117 pediculo
740 1067 871 1117 longo.
927 1072 970 1103 at
1001 1069 1040 1102 in
1073 1066 1224 1115 reliquo
1256 1066 1351 1102 orbe

223 1165 234 1184 ¹
257 1165 364 1196 habet
382 1165 569 1201 Schneider,
589 1165 765 1206 Detlefsem
785 1165 824 1196 M
827 1164 943 1205 ayhosf
954 1176 960 1195 :
993 1163 1123 1195 habent
1141 1164 1231 1195 codd.

221 1208 233 1227 ²
258 1208 338 1239 Post
354 1209 383 1239 ei
395 1208 535 1249 sortasse
552 1208 626 1239 latet
643 1207 774 1239 lacuna.

220 1251 235 1323 ἶ
257 1254 292 1281 et
313 1253 437 1282 cortice
457 1252 547 1282 codd.
568 1256 595 1282 e!
616 1251 685 1282 edd.
703 1263 709 1282 :
737 1251 879 1292 sortasse
898 1260 940 1281 ex
962 1250 1086 1280 cortice
1106 1248 1154 1280 vel
1174 1250 1207 1280 in
1228 1249 1353 1280 cortice

183 1304 217 1324 ve
252 1294 380 1325 cortici.

221 1336 234 1355 ⁴
257 1336 344 1367 dura
380 1347 454 1367 cam
492 1336 535 1367 V2
583 1335 734 1376 (σκληρός
773 1335 1016 1376 Theophrastus
1061 1339 1091 1365 et
1131 1334 1354 1375 Dioscorides)

180 1379 337 1420 Illayhosf
348 1391 354 1410 :
380 1379 454 1410 dira
469 1389 543 1410 cum
553 1379 623 1419 fere
639 1379 791 1410 omnibus
806 1379 895 1410 codd.
913 1377 1088 1416 Dellessen.

221 1422 233 1440 ⁵
257 1422 335 1452 Post
351 1421 432 1452 folio
448 1422 523 1452 add.
541 1422 611 1452 lato
628 1425 680 1459 (ex
698 1422 919 1462 Theophrasto
935 1421 994 1452 IV.
1013 1422 1044 1457 9,
1065 1421 1077 1450 l
1096 1432 1102 1451 :
1127 1419 1164 1451 τὸ
1181 1419 1216 1451 δὲ
1233 1419 1353 1459 φύλλον

179 1463 246 1495 ἐστὶ
262 1464 366 1496 πλατὺ
382 1464 599 1505 προσεμφερὲς
615 1467 663 1504 τῷ
680 1467 737 1505 τῆς
753 1463 902 1503 πτελέας)
920 1463 1084 1504 fllayhoff.

223 1577 237 1592 ⁰
260 1572 518 1613 Theophrastus
540 1572 600 1602 has
623 1572 703 1613 only
727 1571 787 1602 ὑπὸ
811 1571 877 1611 (ελ.
902 1570 968 1612 ἐπὶ)
992 1573 1057 1602 τῶν
1081 1570 1222 1610 φύλλων.

221 1615 236 1635 '³
260 1615 296 1646 If
308 1615 368 1646 the
385 1615 501 1646 habent
517 1615 556 1646 of
570 1614 628 1644 the
647 1615 739 1646 MSS.
760 1615 800 1645 be
820 1617 959 1649 correct,
975 1614 1074 1654 Pliny
1092 1614 1152 1644 has
1170 1613 1353 1644 construed

177 1658 446 1699 Theophrastus’
468 1662 640 1694 sentence,
665 1657 774 1697 ἕτερον
796 1656 832 1688 δὲ
857 1656 976 1688 καυλὸν
1002 1656 1097 1696 ὀρθὸν
1123 1655 1253 1697 ἀφίησιν
1278 1656 1352 1695 (VI.

177 1704 209 1738 4,
244 1703 296 1741 ll)
328 1711 365 1732 so
399 1711 436 1731 as
471 1704 508 1731 to
543 1700 643 1731 make
674 1699 783 1739 ἕτερον
818 1711 916 1741 agree
952 1699 1034 1730 with
1073 1698 1204 1730 καυλόν.
1252 1699 1353 1735 Hort,

177 1745 346 1780 however,
361 1743 546 1774 translates
561 1755 568 1774 ς
601 1744 621 1755 “
635 1743 743 1774 There
760 1744 787 1773 is
803 1743 949 1774 another
964 1742 1047 1774 kind
1064 1742 1173 1773 which
1190 1742 1291 1773 sends
1308 1752 1354 1782 up

177 1798 221 1818 an
235 1790 326 1818 erect
339 1786 464 1817 stem.'’
515 1787 626 1817 Unum
641 1787 668 1816 is
683 1785 849 1826 certainly
863 1785 943 1821 odd,
957 1785 1025 1816 and
1042 1785 1141 1826 Pliny
1156 1795 1238 1825 very
1250 1784 1355 1825 likely

177 1829 445 1864 mistranslated,
462 1828 595 1868 writing
611 1829 726 1859 habent
742 1841 748 1859 :
780 1829 800 1841 ‘⁴
814 1828 897 1868 they
914 1828 1002 1858 have
1018 1838 1081 1858 one
1097 1831 1185 1858 stem
1202 1827 1311 1858 which
1327 1829 1354 1858 is

178 1872 315 1914 upright
335 1872 425 1903 etc.''
471 1872 542 1902 The
564 1871 645 1902 kind
666 1871 814 1912 peculiar
834 1874 872 1902 to
893 1870 994 1911 Sicily
1015 1871 1043 1902 is
1064 1871 1195 1910 Cynam
1216 1870 1353 1901 cardim-

177 1916 269 1947 culus
300 1915 494 1954 (cardoon);
538 1914 597 1945 the
627 1925 691 1945 one
722 1914 804 1945 with
835 1914 893 1944 the
923 1918 1014 1945 erect
1045 1918 1131 1944 stem
1163 1914 1190 1944 is
1221 1913 1354 1953 Cynara

177 1959 336 1998 scolymus
353 1957 568 1998 (artichoke).

182 2035 250 2073 23²
