1469 2299
116 209 156 238 66

118 634 157 664 67

117 1061 158 1091 68

388 98 576 136 PLINY:
619 96 881 134 NATURAL
917 95 1152 133 HISTORY

182 201 513 251 praecordiorum.
567 200 714 237 dantur
753 204 796 236 et
834 197 1123 235 melancholicis
1163 197 1355 234 candidae

183 258 417 304 copiosiores
466 260 508 291 et
557 254 607 290 ad
656 255 809 290 vesicae
858 255 965 288 vitia.
1021 250 1265 301 Praxagoras
1315 257 1355 287 et

183 309 431 358 dysintericis
474 308 598 344 dedit.
653 307 845 343 ambustis
889 318 1047 354 quoque
1090 310 1255 354 prosunt
1296 317 1356 340 re-

183 363 378 405 centibus,
403 364 632 410 priusquam
658 360 822 409 pusulae
848 359 959 402 fiant,
984 371 1074 395 cum
1098 358 1179 394 sale
1204 358 1354 394 inlitae.

184 415 315 451 ulcera
358 418 479 451 etiam
522 427 624 463 quae
666 418 832 463 serpunt
873 417 1072 455 coercent,
1113 413 1225 447 initio
1267 424 1356 447 cum

184 468 426 517 aphronitro,
443 481 533 504 mox
551 470 590 504 in
608 470 709 503 vino.
763 469 884 503 tritae
900 468 981 515 igni
999 478 1108 501 sacro
1124 464 1354 501 inlinuntur.

183 522 369 558 convulsa
384 527 425 558 et
441 521 578 557 luxata
593 520 769 557 caulibus
785 522 888 556 tritis
904 532 993 555 cum
1010 518 1172 567 polenta
1188 530 1237 554 ex
1253 531 1357 567 aqua

185 575 327 624 frigida
360 575 527 617 leniunt,
562 576 789 623 eruptiones
827 572 1062 622 papularum
1100 584 1149 608 ex
1187 573 1277 607 vino
1315 577 1356 607 et

186 628 359 677 polenta.
414 631 453 664 in
473 627 630 664 cholera
650 639 808 676 quoque
828 631 959 662 coctas
980 627 1125 674 patinis
1145 624 1357 668 dederunt,

185 681 234 717 ad
260 682 366 730 quod
390 681 621 718 utilissimae
646 694 766 729 quam
791 682 952 716 maximi
977 679 1097 716 caulis
1119 684 1161 714 et
1185 691 1355 715 amarae.

185 735 346 784 quidam
378 740 419 771 et
449 735 552 770 lacte
583 733 809 770 infundunt.
865 731 1125 769 defervefacti
1155 730 1195 767 hi
1225 731 1356 768 caules

185 794 227 824 et
245 787 449 824 stomacho
469 788 663 824 utilissimi
682 787 909 829 traduntur,
929 788 1030 822 sicut
1049 798 1186 822 somno
1206 787 1357 821 aestiva

183 844 355 877 maxime
391 841 546 877 lactuca
584 846 625 877 et
662 853 797 877 amara
833 839 1080 888 lacteusque,
1117 851 1238 887 quam
1274 851 1356 874 me-

183 895 363 931 conidem
382 897 617 931 vocavimus.
671 893 745 930 hoc
772 893 875 929 lacte
906 898 948 929 et
966 892 1167 929 oculorum
1186 891 1356 928 claritati

183 961 273 984 cum
314 948 496 984 muliebri
538 948 640 984 lacte
683 947 933 983 utilissimum
976 959 1061 982 esse
1103 948 1356 994 praecipitur,

183 1001 279 1038 dum
300 1004 540 1050 tempestive
560 1014 650 1037 cum
666 1003 797 1049 capite
814 1001 827 1023 l
844 1002 1117 1049 inunguantur
1132 999 1233 1035 oculi
1249 1004 1291 1035 et
1307 999 1357 1035 ad

186 1057 281 1091 vitia
308 1068 411 1104 quae
439 1054 584 1104 frigore
616 1057 655 1090 in
684 1053 742 1090 his
769 1052 875 1089 facta
902 1056 993 1089 sint.
1048 1055 1165 1088 miras
1193 1058 1235 1088 et
1262 1052 1356 1088 alias

183 1111 340 1145 invenio
372 1108 531 1144 laudes:
577 1107 747 1144 thoracis
780 1109 883 1143 vitiis
914 1106 1102 1156 prodesse
1134 1119 1213 1142 non
1243 1118 1356 1142 secus

184 1175 303 1210 quam
328 1161 594 1198 habrotonum
619 1174 709 1197 cum
733 1161 851 1197 melle
877 1161 1027 1203 Attico,
1052 1161 1287 1208 conpurgari
1315 1165 1356 1195 et

184 1214 351 1251 feminas
371 1214 444 1251 hoc
463 1216 564 1258 cibo,
584 1227 720 1251 semen
740 1216 955 1250 sativarum
975 1218 1113 1249 contra
1132 1215 1355 1261 scorpiones

183 1269 281 1311 dari,
306 1271 456 1304 semine
483 1271 579 1305 trito
604 1280 652 1304 ex
679 1270 769 1304 vino
796 1273 890 1316 poto
918 1272 960 1303 et
986 1266 1193 1303 libidinum
1219 1268 1356 1315 imagi-

183 1324 364 1358 nationes
417 1324 456 1358 in
509 1335 646 1358 somno
697 1323 892 1370 conpesci,
939 1326 1186 1369 temptantes
1234 1333 1356 1369 aquas

183 1389 260 1411 non
304 1388 445 1411 nocere
492 1375 687 1411 lactucam
733 1374 957 1411 edentibus.
1012 1373 1174 1422 quidam
1219 1378 1356 1409 tamen

183 1428 472 1477 frequentiores
519 1431 559 1465 in
603 1429 690 1464 cibo
735 1429 891 1464 officere
937 1427 1107 1463 claritati
1155 1426 1356 1463 oculorum

183 1482 446 1519 tradiderunt.

231 1589 243 1608 ¹
265 1591 473 1631 tempestivo
489 1595 518 1621 ee
535 1590 640 1631 capiti
657 1590 768 1621 variae
784 1589 946 1621 lectione&
994 1589 1079 1620 Add.
1099 1599 1176 1619 cum
1194 1588 1312 1620 lanus.

226 1746 241 1761 ⁰
264 1742 325 1773 See
343 1752 375 1782 p.
399 1741 449 1778 16,
467 1744 545 1771 note
556 1741 585 1782 f.

229 1785 241 1804 ὓ
264 1785 317 1815 ΑΙ]
336 1785 436 1815 kinds
456 1784 495 1815 of
510 1784 717 1824 depression,
737 1783 824 1814 from
845 1783 924 1814 that
944 1782 1067 1814 caused
1089 1782 1134 1823 by
1156 1782 1354 1814 biliousness

183 1833 219 1859 to
237 1832 313 1858 true
332 1826 567 1862 melancholia,
585 1837 642 1857 are
660 1826 818 1857 included
837 1826 944 1857 under
961 1826 1030 1856 this
1047 1829 1146 1857 term.

225 1875 236 1889 ⁶
259 1870 377 1900 Refers
396 1873 434 1900 to
454 1869 588 1900 cholera
608 1873 753 1900 nostras.

226 1911 241 1931 ‘¹
263 1912 476 1953 Apparently
497 1911 575 1943 lacte
596 1912 624 1943 is
645 1911 849 1942 accusative.
897 1910 1045 1952 Perhaps
1062 1910 1158 1950 (with
1174 1920 1212 1941 ex
1227 1909 1280 1941 for
1295 1911 1349 1948 et),

184 1956 321 1996 “inject
337 1956 370 1986 in
388 1955 506 1986 milk.”

181 2040 228 2073 40
