1469 2299
132 377 193 407 164

130 1002 191 1034 165

131 1489 191 1521 166

419 132 614 170 PLINY:
659 132 922 170 NATURAL
955 132 1191 169 HISTORY

220 233 421 270 surculum
443 240 605 271 tantum
625 237 746 285 myrti
769 234 918 270 habere
940 247 1075 270 secum
1100 247 1172 270 nec
1195 233 1299 270 ferro
1320 246 1394 269 nec

220 309 329 340 terra
348 309 592 340 contactum.

274 372 481 409 LXXXII.
515 373 795 423 Myrtidanum
830 373 1002 410 diximus
1030 372 1230 422 quomodo
1265 371 1392 408 fieret.

221 442 362 478 vulvae
403 443 568 491 prodest
609 443 809 491 adpositu,
850 442 937 479 fotu
979 448 1023 478 et
1062 442 1194 485 inlitu,
1235 441 1393 478 multo¹

220 512 416 548 efficacius
433 517 475 548 et
489 515 637 548 cortice
653 518 694 548 et
710 512 804 548 folio
820 517 862 548 et
877 514 1041 548 semine.
1098 513 1337 560 exprimitur
1351 516 1394 547 et

219 579 321 617 foliis
343 594 458 617 sucus
480 581 718 618 mollissimis
740 584 779 617 in
800 581 880 630 pila
901 583 1014 624 tusis,
1036 580 1177 617 adfuso
1199 580 1394 629 paulatim

220 653 310 687 vino
358 657 533 694 austero,
580 651 676 687 alias
723 664 827 700 aqua
872 651 1051 693 caelesti,
1097 656 1221 699 atque
1268 652 1392 686 etiam

220 732 409 769 expresso
434 726 604 756 utuntur
628 721 677 757 ad
702 723 778 756 oris
803 720 989 769 sedisque
1015 720 1161 763 ulcera,
1185 719 1326 755 vulvae
1352 724 1395 755 et

220 793 383 833 ventris,
419 790 651 839 capillorum
687 792 905 839 nigritiam,
941 789 1093 826 alarum
1128 788 1392 838 perfusiones,

220 862 479 909 purgationes
531 860 771 909 lentiginum
823 865 865 896 et
916 859 982 895 ubi
1033 858 1392 908 constringendum

220 929 369 978 aliquid
391 935 464 965 est.

270 998 500 1035 LXXXIII.
534 998 695 1049 Myrtus
713 999 918 1041 silvestris,
935 1000 1017 1035 sive
1034 1000 1292 1048 oxymyrsine
1309 999 1392 1034 sive

218 1067 578 1118 chamaemyrsine,
617 1069 725 1104 bacis
768 1069 1004 1104 rubentibus
1045 1073 1088 1104 et
1126 1067 1330 1104 brevitate
1370 1080 1394 1103 a

219 1141 346 1174 sativa
363 1138 500 1174 distat.
556 1138 667 1174 radix
690 1141 773 1174 eius
793 1141 832 1173 in
852 1137 1001 1174 honore
1021 1143 1097 1180 est,
1116 1137 1284 1173 decocta
1302 1139 1393 1173 vino

220 1207 269 1243 ad
304 1210 459 1243 renium
494 1207 649 1243 dolores
686 1207 816 1256 potu²
850 1213 892 1243 et
926 1206 1071 1243 difficili
1107 1209 1245 1243 urinae
1280 1219 1394 1255 prae-

217 1279 414 1325 cipueque
454 1290 610 1313 crassae
646 1283 687 1313 et
721 1277 985 1326 graveolenti,
1016 1277 1154 1312 morbo
1192 1278 1319 1326 regio,
1350 1281 1393 1312 et

219 1346 425 1382 vulvarum
477 1349 708 1396 purgationi
760 1349 857 1382 trita
908 1359 999 1382 cum
1051 1349 1155 1389 vino,
1208 1345 1391 1381 cauliculi

220 1428 381 1464 quoque
430 1418 668 1465 incipientes
718 1429 1004 1465 asparagorum
1051 1415 1171 1451 modo
1218 1417 1258 1450 in
1306 1415 1394 1450 cibo

219 1488 368 1534 sumpti
395 1491 438 1521 et
463 1488 502 1521 in
527 1488 660 1522 cinere
686 1488 801 1521 cocti.
857 1498 995 1521 semen
1021 1498 1111 1521 cum
1137 1487 1227 1521 vino
1252 1489 1394 1534 potum

219 1560 290 1591 aut
315 1555 403 1591 oleo
429 1560 472 1591 et
497 1561 612 1591 aceto
638 1555 808 1591 calculos
835 1554 999 1604 frangit,
1020 1556 1120 1590 item
1145 1556 1185 1590 in
1210 1559 1326 1590 aceto
1352 1559 1395 1590 et

218 1637 380 1661 rosaceo
423 1627 564 1661 tritum
606 1627 748 1673 capitis
791 1624 948 1660 dolores
991 1623 1121 1667 sedat,
1165 1629 1208 1660 et
1249 1628 1392 1672 potum

263 1731 274 1749 ¹
299 1731 409 1763 multo
426 1731 479 1762 dE
499 1731 595 1771 only„
614 1730 794 1773 Detlefsen:
821 1731 931 1762 multu
949 1730 997 1762 V·
1023 1734 1138 1771 myrto
1155 1730 1310 1770 Maylwff
1321 1730 1394 1762 coll.

221 1774 387 1805 Diosc.1.
416 1776 476 1806 112
501 1774 571 1814 §4:
601 1775 638 1805 τὸ
661 1774 695 1806 δε
717 1774 914 1813 μυρτίδανον
937 1773 1114 1813 λεγόμενον
1137 1772 1286 1812 ἐπίφυσίς
1308 1772 1394 1804 ἐστιν

221 1816 392 1856 ἀνώμαλος
411 1830 464 1848 και
488 1817 635 1857 ὀχθώδης
660 1817 712 1848 καὶ
741 1817 913 1856 ὁμόχρους,
937 1816 1034 1847 οἷονει
1056 1818 1159 1855 χεῖρες
1183 1829 1253 1855 περι
1276 1815 1314 1846 τὸ
1337 1819 1394 1855 τῆς

219 1859 374 1900 μυρσίνης
403 1859 555 1899 πρέμνον.
602 1860 712 1898 στύφει
736 1859 770 1890 δὲ
793 1859 917 1898 μᾶλλον
945 1862 1003 1899 τῆς
1027 1858 1194 1898 μυρσίνης.
1243 1858 1306 1889 Sed
1333 1858 1394 1889 loci

221 1913 286 1933 non
304 1902 351 1933 ita
367 1902 492 1933 simules
504 1907 591 1938 sunt,
605 1908 697 1942 atque
712 1902 935 1941 myrtidanum
948 1902 1040 1941 apud
1052 1901 1206 1932 Plinium
1223 1901 1278 1942 (cs.
1297 1900 1393 1932 XIV.

222 1946 297 1985 104)
311 1945 416 1982 aliud,
430 1945 525 1976 aliud
538 1946 630 1985 apud
644 1945 869 1976 Dioscoridem
882 1945 1057 1984 siqnificat.

264 1987 276 2005 ²
302 1992 386 2029 potu
405 1987 469 2025 vd,
487 1987 652 2029 Deilessen
668 2000 674 2018 :
705 1992 788 2029 pota
806 1987 969 2027 Mayhoff.

215 2049 285 2097 526
