1469 2299
431 145 624 183 PLINY:
669 145 930 184 NATURAL
963 145 1196 184 HISTORY

225 249 366 284 ferrive
381 248 512 298 aliqua
528 249 665 298 robigo
680 253 750 284 aut
764 250 882 297 panni
898 261 1050 284 marcor
1063 248 1193 285 adfuit
1207 252 1399 301 nascenti,

225 326 384 349 omnem
404 313 491 348 ilico
511 325 648 348 sucum
668 312 840 348 alienum
861 325 1123 362 saporemque
1143 315 1182 349 in
1202 326 1400 349 venenum

224 377 466 426 concoquit.l
520 375 831 426 deprehendisse
853 379 919 425 qui
941 378 1012 412 nisi
1034 382 1212 426 agrestes
1234 383 1400 426 possunt

158 448 198 477 95
225 447 347 490 atque
364 444 431 490 qui
447 441 461 464 2
482 440 673 491 colligunt
693 441 794 489 ipsi?
825 440 900 476 alia
916 442 1011 476 vitia
1031 453 1081 476 ne
1102 440 1140 476 hi
1157 441 1354 490 quidem,3
1369 444 1398 478 si

225 507 421 554 serpentis
444 517 613 541 caverna
634 507 747 541 iuxta
768 503 902 547 fuerit,
924 507 953 541 si
978 510 1254 554 patescentem
1276 508 1401 555 primo

226 568 487 612 adhalaverit,
516 571 649 618 capaci
681 581 923 605 venenorum
952 571 1190 619 cognatione
1219 569 1270 606 ad
1298 572 1401 606 virus

226 633 512 682 accipiendum.
568 635 705 683 itaque
723 635 851 669 caveri
870 635 1080 669 conveniat
1097 635 1204 682 prius
1222 647 1342 683 quarn
1360 647 1402 670 se

225 698 399 734 condant
441 703 661 746 serpentes.
716 700 829 747 signa
872 703 990 734 erunt
1032 703 1094 734 tot
1135 696 1297 742 herbae,
1340 703 1402 735 tot

226 762 385 798 arbores
417 761 659 811 fruticesque
690 762 740 798 ab
771 774 927 797 emersu
959 774 1096 798 earum
1126 762 1176 798 ad
1206 761 1402 799 latebram

228 839 351 875 usque
383 831 609 870 vernantes,
639 831 681 862 et
716 825 775 862 vel
811 825 953 861 fraxini
984 831 1143 862 tantum
1178 825 1271 862 folia
1300 827 1402 863 nec4

227 895 367 940 postea
404 892 608 926 nascentia
646 902 718 926 nec
755 896 850 926 ante
887 889 1126 927 decidentia.
1182 895 1224 926 et
1260 890 1402 927 boletis

227 954 389 1003 quidem
406 960 515 991 ortus
533 967 774 1004 occasusque
791 956 916 991 omnis
933 956 1037 990 intra
1054 954 1137 991 dies
1154 960 1311 1004 septem
1329 960 1402 993 est.

161 1028 200 1055 9ιὶ
278 1018 443 1054 XLVII.
476 1018 703 1068 Fungorum
745 1018 888 1055 lentior
929 1023 1071 1054 natura
1113 1024 1154 1055 et
1195 1031 1404 1055 numerosa

226 1096 389 1132 genera,
414 1083 484 1119 sed
510 1085 619 1132 origo
644 1096 722 1119 non
747 1085 818 1119 nisi
845 1095 894 1118 ex
920 1085 1065 1132 pituita
1090 1084 1286 1119 arborum.
1342 1088 1403 1119 tu-

228 1149 366 1184 tissimi
397 1149 463 1196 qui
495 1148 640 1183 rubent
669 1146 767 1183 callo
797 1149 925 1183 minus
955 1147 1081 1183 diluto
1112 1148 1253 1184 rubore
1283 1160 1403 1196 quam

229 1211 364 1255 boleti,
396 1225 485 1248 mox
517 1211 673 1248 candidi
705 1211 814 1248 velut
844 1214 955 1260 apice
987 1210 1154 1247 flaminis
1184 1212 1402 1262 insignibus

229 1275 432 1325 pediculis,
462 1278 626 1312 tertium
656 1288 782 1325 genus
811 1275 911 1312 suilli
941 1278 1103 1312 venenis
1133 1275 1403 1312 accommoda-

229 1342 380 1376 tissimi.
437 1339 604 1376 familias
630 1353 756 1389 nuper
775 1341 1016 1376 interemere
1037 1345 1079 1376 et
1102 1345 1189 1376 tota
1212 1342 1402 1384 convivia,

229 1405 441 1441 Annaeum
471 1404 661 1440 Serenum
694 1404 942 1453 praefectum
974 1403 1140 1440 Neronis
1170 1404 1332 1454 vigilum
1362 1409 1404 1441 et

228 1469 407 1505 tribunos
435 1470 780 1518 centurionesque.
836 1481 939 1518 quae
969 1468 1149 1518 voluptas
1177 1473 1293 1505 tanta
1320 1474 1403 1505 tarn

162 1538 201 1570 97
228 1535 410 1582 ancipitis
439 1533 542 1569 cibi?
597 1532 758 1583 quidam
788 1532 1008 1569 discrevere
1038 1533 1221 1569 arborum
1249 1535 1403 1583 generi—

281 1630 291 1648 ¹
315 1631 499 1670 concoquit
515 1630 605 1661 codd.
622 1642 628 1660 :
656 1630 822 1670 concoqui
841 1630 1004 1670 Mayhoff,
1022 1630 1079 1671 qui
1095 1635 1122 1661 et
1140 1635 1298 1670 punctum
1314 1630 1404 1662 delet.

279 1673 291 1692 ²
315 1674 372 1713 qui
390 1672 486 1704 multi
504 1683 591 1713 quae
607 1673 730 1713 aliquot
747 1673 837 1704 codd.

278 1716 290 1734 ³
314 1726 355 1746 ne
368 1716 402 1746 hi
416 1715 553 1756 quidem
566 1715 585 1746 I
587 1726 615 1746 ο.
632 1715 774 1747 Milller:
803 1726 844 1746 ne
858 1714 996 1755 quidem
1008 1715 1097 1747 codd.
1111 1728 1117 1746 :
1149 1714 1307 1756 equidem
1320 1715 1404 1747 coni.

238 1758 490 1832 ΒΘμῗζέἓγῖἰ-εῑενε
506 1799 572 1831 vult
595 1801 629 1832 W
631 1801 827 1840 arminyton.

278 1935 292 1949 ‘¹
314 1930 551 1970 Warmington
568 1933 719 1970 suggests
735 1929 882 1969 deleting
898 1929 956 1960 the
971 1929 1044 1960 first
1060 1939 1125 1966 nec,
1142 1940 1186 1960 on
1202 1929 1260 1960 the
1275 1929 1405 1970 ground

234 1973 310 2005 that
323 1973 381 2004 the
394 1973 454 2004 ash
468 1977 540 2013 gets
557 1974 601 2004 its
618 1972 727 2003 leaves
740 1972 800 2004 late
816 1973 850 2003 in
863 1973 979 2012 spring
993 1985 1000 2004 ε
1029 1972 1048 1984 “
1063 1973 1174 2003 whose
1191 1973 1303 2004 leaves
1314 1983 1404 2014 grow

233 2016 330 2054 after,
348 2016 415 2047 and
432 2016 476 2047 do
494 2020 554 2046 not,
570 2015 626 2046 fal]
646 2015 767 2051 before,
785 2015 871 2046 etel’

231 2077 303 2126 360
