1469 2299
119 566 177 596 112

120 1272 179 1305 113

121 1658 179 1688 114

417 137 611 176 PLINY:
656 139 916 178 NATURAL
949 139 1183 177 HISTORY

206 239 383 278 molliore
419 240 525 278 facto
559 246 710 284 meatu,
744 254 794 277 ne
828 241 982 278 scindat
1017 247 1181 278 euntem
1215 240 1382 278 redeun-

205 310 383 354 temque.
440 307 716 354 experimenta
735 307 774 342 in
793 318 836 342 se
855 308 1020 355 cuique3
1053 305 1195 341 nullius
1215 319 1292 342 non
1312 308 1382 350 ira,

205 368 348 412 luctus,
368 371 531 405 tristitia
551 375 593 406 et
611 372 736 406 omnis
757 372 875 406 animi
895 372 1068 419 impetus
1087 370 1174 406 cibo
1193 369 1381 413 mollitur,

205 433 376 482 ideoque
403 434 650 470 observanda
674 439 767 470 sunt
793 447 896 483 quae
922 447 999 470 non
1026 433 1151 470 solum
1178 447 1382 483 corporum

204 497 442 534 medicinam
463 497 533 534 sed
554 503 595 534 et
615 511 769 534 morum
788 497 952 534 habent.

256 561 345 598 LII.
376 562 493 611 Aqua
525 561 652 598 mulsa
690 568 732 598 et
764 563 1024 598 tussientibus
1060 562 1164 598 utilis
1198 561 1384 605 traditur,

205 625 397 662 calefacta
414 628 557 662 invitat
570 628 818 669 vomitiones,
832 631 969 662 contra
983 639 1181 662 venenum
1194 625 1384 675 psimithii

205 689 387 726 salutaris
404 690 540 727 addito
554 690 654 734 oleo,
669 693 766 727 item
780 696 918 726 contra
934 689 1162 740 hyoscyami
1177 703 1266 726 cum
1280 689 1384 726 laete

207 756 380 790 maxime
414 757 578 798 asinino,
613 760 655 791 et
692 760 830 792 contra
862 753 1091 798 halicacabi,
1126 759 1169 790 ut
1201 753 1383 790 diximus.

207 818 429 855 infunditur
458 825 500 855 et
529 819 689 855 auribus
719 824 760 855 et
788 818 1025 869 genitalium
1055 818 1206 855 fistulis.
1261 817 1384 854 vulvis

209 884 412 932 inponitur
434 896 524 920 cum
547 896 651 933 pane
674 883 795 927 molli,
818 884 958 920 subitis
982 883 1217 926 tumoribus,
1240 882 1384 918 luxatis

208 946 483 997 leniendisque
526 948 720 984 omnibus.
776 950 1024 984 inveteratae
1067 960 1181 983 usum
1223 946 1386 983 damna-

209 1024 301 1047 vere
326 1014 475 1061 posteri
500 1015 629 1048 minus
654 1014 908 1048 innocentem
934 1024 1038 1061 aqua
1061 1013 1271 1061 minusque
1296 1013 1385 1047 vino

207 1074 375 1112 firmum.
432 1075 549 1126 longa
582 1082 719 1112 tamen
752 1081 956 1112 vetustate
989 1077 1133 1112 transit
1164 1077 1204 1111 in
1236 1077 1384 1118 vinum,

207 1145 252 1176 ut
295 1146 453 1177 constat
497 1143 602 1177 inter
645 1153 796 1184 omnes,
840 1139 1046 1177 stomacho
1089 1139 1385 1176 inutilissimum

207 1207 416 1254 nervisque
445 1207 699 1241 contrarium.

258 1268 370 1305 LIII.
401 1268 567 1318 Semper
586 1268 758 1305 mulsum
780 1281 828 1305 ex
850 1273 987 1305 vetere
1008 1271 1098 1305 vino
1119 1268 1383 1305 utilissimum.

208 1331 474 1383 facillimeque
496 1347 587 1370 cum
608 1333 726 1370 melle
749 1338 1069 1383 concorporatur,
1092 1332 1198 1382 quod
1220 1335 1259 1368 in
1281 1331 1383 1369 dulci

206 1409 425 1447 numquam
466 1400 612 1434 evenit.
669 1411 718 1434 ex
759 1403 920 1434 austero
960 1396 1112 1434 factum
1152 1410 1230 1433 non
1271 1395 1384 1433 inflat

206 1460 470 1506 stomachum,
515 1474 647 1512 neque
693 1474 742 1498 ex
787 1461 953 1499 decocto
998 1461 1129 1505 melle,
1173 1463 1384 1510 minusque

209 1525 364 1575 implet,
383 1526 489 1576 quod
508 1526 591 1563 fere
611 1528 757 1563 evem't.
812 1525 1030 1575 adpetendi
1049 1538 1208 1575 quoque
1226 1529 1385 1562 revocat

207 1590 443 1627 aviditatem
465 1591 553 1627 cibi.
609 1590 740 1627 alvum
762 1590 889 1627 mollit
910 1589 1053 1640 frigido
1075 1595 1186 1639 potu,
1208 1589 1384 1639 pluribus

205 1654 332 1691 calido
352 1657 470 1699 sistit,
490 1668 654 1705 corpora
674 1660 808 1705 auget.
863 1654 978 1691 multi
998 1659 1202 1691 senectam
1225 1653 1384 1703 longam

205 1718 321 1756 mulsi
345 1724 505 1756 tantum
524 1721 662 1756 intrita
681 1719 917 1763 toleravere,
937 1731 1068 1769 neque
1089 1718 1164 1755 alio
1184 1717 1262 1755 ullo
1282 1718 1384 1762 cibo,

254 1884 270 1943 ζ
291 1881 432 1956 {git-t?
449 1882 594 1955 1age-this
628 1923 746 1965 period
778 1922 938 1955 included
970 1933 1085 1960 nervo,
1119 1922 1283 1964 ligament
1316 1920 1385 1953 and

208 1966 350 1998 tendon.
395 1967 456 1999 See
472 1966 587 1999 Celsus
602 1967 650 1999 ΙΙ.
666 1968 698 2004 8,
712 1968 755 1998 40
772 1967 838 2006 (W.
855 1966 894 1998 G.
910 1966 1083 2007 Spencer).

252 2013 263 2028 ⁶
286 2009 352 2040 Feo
373 2010 491 2041 thinks
511 2009 592 2041 that
613 2013 706 2041 must
726 2010 754 2040 is
775 2009 922 2040 referred
944 2013 992 2041 to.

209 2081 281 2117 374
