1469 2299
97 372 154 401 143

96 606 155 636 144

95 1074 155 1106 145

96 1486 154 1517 146

386 88 581 126 PLINY:
627 89 888 126 NATURAL
921 88 1155 126 HISTORY

182 189 328 227 halitus
357 192 432 226 oris
461 190 794 226 commanducata
823 190 957 227 abolet
986 190 1219 239 alarumque
1247 192 1355 227 vitia.

182 262 275 285 suco
297 249 463 285 duritias
486 262 623 285 omnes
646 249 809 285 emollit.
865 262 1047 285 somnum
1069 249 1265 292 conciliat,
1286 248 1357 286 sed

182 310 411 357 genituram
445 310 654 344 consumit.
710 307 814 343 sedis
849 310 966 343 rimas
1002 313 1044 343 et
1077 307 1358 358 condylomata

182 368 395 415 omniaque
424 368 463 401 in
494 378 657 415 corpore
687 368 960 402 excrescentia
989 371 1116 402 sanat.
1172 371 1264 402 sunt
1290 368 1357 415 qui

182 425 405 461 silvestrem
438 427 565 473 xyrim
597 430 752 461 vocent.
808 429 980 461 strumas
1010 423 1110 460 haec
1141 424 1203 460 vel
1233 437 1357 474 panos

183 483 245 519 vel
274 485 439 533 inguina
469 483 645 519 discutit.
700 485 944 532 praecipitur
975 489 1020 519 ut
1050 485 1208 519 sinistra
1237 497 1357 520 manu

182 541 233 578 ad
259 540 329 578 hos
357 547 521 578 eruatur
547 541 863 591 colligentesque
891 541 1026 578 dicant
1053 543 1163 578 cuius
1189 540 1358 578 hominis

183 601 378 650 vitiiquel
408 613 527 636 causa
562 603 753 637 eximant.
808 600 935 637 scelus
964 599 1237 637 herbariorum
1266 614 1359 650 ape-

182 662 308 695 rietur
333 665 374 695 et
399 662 439 695 in
464 658 537 695 hac
562 661 781 695 mentione.
838 664 995 708 partem
1022 661 1105 695 eius
1130 664 1291 695 servant
1317 665 1359 696 et

183 718 433 767 quarundam
473 718 639 754 aliarum
678 717 906 761 herbarum,
947 720 1061 754 sicuti
1102 718 1358 767 plantaginis,

183 782 225 813 et
242 778 273 813 si
290 789 433 826 parum
450 776 645 813 mercedis
663 776 802 813 tulisse
821 789 862 812 se
881 777 1128 814 arbitrantur
1144 789 1358 826 rursusque

181 848 279 884 opus
303 841 518 885 quaerunt,
541 841 700 884 partem
724 848 814 872 eam
838 849 959 885 quam
983 848 1191 871 servavere
1215 835 1358 872 eodem

182 893 267 930 loco
310 893 525 937 infodiunt,
571 893 703 937 credo,
751 899 795 930 ut
839 896 936 930 vitia
981 906 1085 943 quae
1130 896 1359 930 sanaverint

181 951 332 989 faciant
362 952 569 989 rebellare.
625 953 825 989 saliuncae
856 952 969 989 radix
1000 955 1041 988 in
1072 955 1161 989 vino
1193 952 1359 989 decocta

183 1014 288 1047 sistit
317 1013 568 1056 vomitiones,
597 1012 835 1048 conroborat
863 1010 1126 1048 stomachum.

235 1070 455 1107 LXXXIV.
487 1069 595 1107 Polio
630 1070 822 1106 Musaeus
856 1075 898 1107 et
930 1070 1128 1106 Hesiodus
1160 1073 1359 1120 perungui

181 1129 323 1165 iubent
340 1129 582 1179 dignationis
599 1128 831 1179 gloriaeque
848 1128 997 1172 avidos,
1014 1128 1164 1178 polium
1181 1131 1358 1173 tractari,

181 1187 269 1231 coli,
294 1187 443 1237 polium
468 1193 606 1224 contra
630 1201 786 1224 venena
809 1187 962 1231 haberi,
987 1193 1126 1224 contra
1149 1193 1358 1237 serpentes

182 1246 397 1290 substerni,
429 1249 502 1290 uri,
533 1249 573 1282 in
604 1249 694 1283 vino
726 1246 895 1296 decoqui
926 1259 1064 1283 recens
1096 1246 1159 1282 vel
1190 1246 1358 1290 aridum,

182 1305 403 1355 inlinique2
442 1305 503 1342 vel
542 1308 683 1355 potari.
739 1305 883 1342 medici
922 1305 1105 1354 splenicis
1143 1307 1358 1354 propinant

182 1376 231 1400 ex
262 1369 392 1408 aceto,
422 1364 560 1401 morbo
589 1367 700 1414 regio
730 1366 771 1400 in
801 1367 904 1407 vino,
936 1370 977 1400 et
1006 1363 1233 1414 hydropicis
1264 1367 1358 1400 inci-

181 1423 385 1471 pientibus
414 1425 454 1459 in
483 1426 573 1459 vino
603 1423 828 1467 decoctum,
857 1423 1085 1459 vulneribus
1116 1435 1274 1472 quoque
1304 1425 1358 1459 sic

183 1481 367 1518 inlinunt.
423 1482 617 1518 secundas
652 1482 865 1518 mulierum
900 1487 1119 1531 partusque
1156 1487 1357 1519 emortuos

181 1540 308 1589 pellit,
345 1543 444 1577 item
481 1541 635 1577 dolores
672 1543 857 1590 corporiS.
913 1543 1061 1577 vesicas
1098 1542 1239 1584 inanit,
1276 1543 1358 1590 epi-

181 1597 314 1648 phoris
356 1599 547 1636 inlinitur.
604 1612 677 1636 nec
719 1602 845 1649 magis
888 1599 965 1635 alia
1005 1598 1129 1635 herba
1171 1601 1357 1636 convenit

228 1690 239 1708 ¹
266 1692 409 1732 vitiique
431 1691 529 1731 Silliq
550 1692 724 1732 Mayhoss:
760 1692 879 1731 utique
898 1701 971 1722 cum
992 1691 1081 1722 codd.
1103 1690 1276 1731 Dellessen.

229 1733 241 1752 ²
265 1734 430 1774 inlinique
469 1734 523 1765 vel
560 1735 684 1775 potari.
731 1734 852 1765 medici
891 1734 1049 1774 Mayhoff
1060 1746 1067 1765 :
1119 1735 1249 1775 portari
1287 1737 1358 1774 (aut

184 1778 297 1817 potari
303 1785 311 1817 )
332 1782 403 1817 post
425 1778 476 1808 uri
496 1777 585 1809 codd.

228 1884 242 1899 ¹¹
264 1879 380 1910 Celsus
396 1879 456 1910 VI.
476 1881 527 1916 18,
544 1880 563 1910 8
579 1889 658 1919 says
673 1879 753 1910 that
768 1889 787 1909 a
804 1879 1009 1919 condyloma
1024 1880 1052 1909 is
1068 1889 1089 1909 a
1103 1877 1203 1910 small
1218 1882 1358 1910 tumour

183 1922 412 1963 (tuberculum)
435 1923 501 1952 due
524 1926 561 1952 to
583 1922 843 1952 inflammation.
893 1921 953 1952 See
967 1921 1039 1952 also
1055 1931 1088 1962 p.
1106 1922 1179 1957 384,
1195 1924 1276 1952 note
1292 1920 1319 1952 b.

231 1965 243 1985 ¹²
266 1964 355 1995 Does
372 1968 431 1995 not
450 1965 517 1995 this
536 1964 655 2004 belong
672 1969 708 1994 to
725 1965 868 2004 chapter
885 1964 1053 1995 LXXVII
1071 1963 1109 1994 of
1122 1964 1190 1994 this
1207 1964 1321 1995 book?

181 2017 251 2063 264
