1469 2299
105 305 146 334 55

106 626 146 653 ὅϋ

105 1373 145 1402 58

379 87 567 124 PLINY:
612 88 872 124 NATURAL
907 89 942 124 H
951 88 1140 125 ISTORY

172 196 396 233 excreetur,
417 190 478 226 vel
500 204 611 239 pura,
631 191 704 227 sub
724 204 852 240 pruna
870 197 1027 227 coctum
1048 197 1090 228 et
1109 205 1199 228 cum
1221 192 1346 229 mellis

172 247 255 293 pari
286 244 404 280 modo
433 249 652 292 sumptum,
681 244 888 287 convulsis,
918 247 1044 293 ruptis
1075 258 1164 281 cuni
1194 246 1274 282 sale
1305 252 1346 282 et

174 297 272 333 oleo.
328 297 447 333 narnl
482 311 571 333 cum
606 297 723 346 adipe
758 303 935 334 tumores
974 304 1179 347 suspectos
1218 305 1345 335 sanat.

173 349 348 386 extrahit
379 350 517 387 fistulis
548 352 643 387 vitia
671 364 761 387 cum
790 351 950 400 sulpure
981 357 1023 387 et
1052 354 1194 395 resina,
1225 355 1344 388 etiam

171 403 412 440 harundines
449 417 539 440 cum
576 406 675 453 pice.
730 404 872 453 lepras,
910 403 1096 448 lichenas,
1133 405 1346 455 lentigines

173 457 377 494 exulcerat
407 463 602 506 sanatque
634 471 724 494 cum
755 460 931 507 origano,
963 458 1024 494 vel
1055 460 1150 495 einis
1182 461 1265 495 eius
1297 472 1344 495 ex

172 511 259 547 oleo
286 516 328 547 et
354 524 449 560 garo
476 511 624 554 inlitus,
651 514 704 547 sic
732 517 773 548 et
799 525 928 547 sacros
954 514 1079 561 ignes.
1133 512 1346 562 suggillata

173 570 243 600 aut
263 564 426 600 liventia
447 564 496 600 ad
517 564 688 601 colorem
710 564 864 601 reducit
885 565 1123 601 conbustum
1145 578 1193 601 ex
1215 566 1344 602 melle.

174 618 342 654 credunt
367 623 408 654 et
432 618 672 654 comitialem
697 619 879 654 morbum
903 621 1045 662 sanari,
1070 621 1099 655 si
1125 621 1211 668 quis
1236 632 1283 655 eo
1308 622 1345 654 in

172 672 267 707 cibis
294 676 431 707 utatur
457 685 501 707 ac
528 674 703 720 potione,
730 678 944 721 quartanas
971 685 1130 721 quoque
1157 678 1345 709 excutere

172 730 313 774 potum
352 730 473 773 caput
514 738 635 761 unum
675 738 765 761 cum
805 725 983 774 laserpici
1023 725 1138 762 obolo
1178 728 1217 761 in
1258 729 1346 762 vino

173 780 525 814 austero—tussim
551 784 592 814 et
617 778 692 815 alio
718 778 835 815 niodo
860 792 905 815 ac
929 785 1135 828 pectorum
1156 792 1342 828 suppura-

172 834 300 868 tiones
340 831 612 880 quantaslibet
649 837 765 868 sanat
803 831 954 868 fractae
993 835 1191 869 incoctum
1230 832 1346 869 fabae

172 891 294 934 atque
312 887 369 921 ita
385 887 425 921 in
442 885 529 921 cibo
546 891 750 934 sumptum
769 885 895 922 donec
912 888 1127 922 sanitatem
1146 889 1344 922 restituat.

173 939 267 975 facit
290 943 331 974 et
351 952 508 975 somnos
529 944 651 988 atque
674 942 712 975 in
734 945 864 975 totum
887 939 1164 975 rubicundiora
1184 953 1346 988 corpora

172 1005 409 1028 ——venerem
443 1005 602 1041 quoque
635 993 840 1029 stimulare
874 1006 963 1029 cum
997 993 1202 1029 coriandro
1236 993 1345 1029 viridi

171 1048 312 1082 tritum
351 1051 572 1095 potumque
613 1058 634 1082 e
674 1059 795 1082 mero.
852 1048 946 1082 vitia
985 1049 1069 1083 eius
1108 1052 1202 1083 sunt
1241 1047 1344 1096 quod

171 1099 303 1136 oculos
334 1098 516 1143 hebetat,
548 1099 771 1136 inflationes
803 1099 911 1143 facit,
943 1099 1192 1137 stomachum
1223 1099 1344 1136 laedit

171 1155 364 1202 copiosius
412 1158 630 1202 sumptum,
678 1156 784 1190 sitim
832 1156 973 1203 gignit.
1028 1159 1163 1190 cetero
1210 1159 1346 1190 contra

172 1209 359 1256 pituitam
381 1212 423 1243 et
442 1207 669 1256 gallinaceis
689 1207 852 1256 prodest
872 1209 1042 1243 mixtum
1063 1207 1167 1244 farre
1187 1209 1226 1243 in
1246 1208 1343 1243 cibo.

171 1263 351 1297 iumenta
370 1262 523 1296 urinam
544 1260 711 1297 reddere
732 1266 854 1310 atque
875 1274 953 1297 non
972 1263 1148 1310 torqueri
1168 1260 1347 1303 tradunt,

171 1316 201 1350 si
228 1316 323 1350 trito
349 1319 492 1350 natura
517 1319 719 1363 tangatur.

223 1367 369 1404 XXIV.
400 1367 600 1404 Lactucae
627 1373 769 1416 sponte
797 1369 995 1404 nascentis
1023 1369 1191 1416 primum
1221 1380 1347 1417 genus

173 1427 233 1457 est
255 1423 337 1457 eius
354 1422 368 1445 2
390 1434 510 1470 quarn
529 1423 731 1470 caprinam
752 1427 908 1464 vocant,
929 1434 1007 1470 qua
1027 1423 1152 1469 pisces
1180 1423 1218 1456 in
1239 1434 1347 1457 mare

172 1474 330 1510 deiecta
370 1477 550 1524 protinus
592 1480 786 1511 necantur
829 1477 895 1523 qui
938 1480 1031 1511 sunt
1073 1477 1112 1510 in
1154 1477 1345 1523 proximo.

173 1527 286 1564 huius
312 1528 474 1565 lact—is
498 1542 613 1565 sucus
635 1529 916 1577 3—spissatum
941 1541 1033 1564 mox
1054 1530 1093 1564 in
1114 1534 1228 1564 aceto
1253 1541 1347 1577 pon-

172 1581 268 1618 dere
309 1582 513 1618 obolorum
553 1582 677 1618 duum
717 1582 874 1618 adiecto
915 1594 1044 1631 aquae
1084 1595 1162 1618 uno
1202 1581 1347 1632 cyatho

223 1651 234 1669 ¹
259 1662 337 1682 nam
357 1652 446 1682 codd.
464 1664 470 1682 :
503 1652 585 1682 item
607 1652 769 1692 Mayhoff.

223 1694 236 1713 ²
258 1696 329 1725 cius
349 1705 411 1725 om.
433 1694 460 1731 Q
482 1695 656 1735 Detlefsen.

221 1736 233 1755 ³
259 1737 400 1768 lact—is
429 1738 763 1778 sucus—Dellcssen:
803 1737 855 1769 lac
885 1742 943 1769 aut
973 1737 1071 1769 lactis
1102 1748 1203 1769 sucus
1233 1737 1346 1769 codd.:

178 1779 228 1810 lac
252 1780 413 1820 Jlnyhmff.

218 1853 232 1867 ‘¹
258 1850 345 1879 Nam
363 1848 422 1879 has
439 1849 515 1880 here
532 1850 575 1880 its
592 1849 724 1880 Plinian
741 1860 835 1880 sense
852 1849 890 1880 of
903 1850 922 1861 “
939 1850 1000 1880 but,
1015 1849 1035 1862 '’

218 1891 229 1910 b
253 1892 313 1922 See
340 1892 382 1922 N.
410 1892 550 1934 Jasny's
578 1893 646 1924 The
680 1893 806 1924 ll‘lzfflsts
834 1894 869 1934 of
894 1893 1053 1924 Classical
1080 1892 1256 1932 Anliqzcity
1279 1892 1345 1923 and

179 1935 556 2019 ξΡΑἷοὶξ-Ίέἶέἓωρεοηέ
573 1936 693 1967 review
711 1936 750 1968 of
763 1936 842 1967 that
864 1936 953 1967 book
976 1937 1008 1967 in
1031 1935 1125 1968 Class
1141 1936 1231 1972 Rev„
1256 1936 1346 1973 1946,

175 2043 221 2078 34
