1469 2299
80 196 139 227 167

83 515 144 546 168

87 890 147 920 169

93 1209 152 1239 170

367 86 561 124 PLINY:
606 85 869 123 NATURAL
901 84 1136 122 HISTORY

215 189 334 226 XCV.
365 187 580 226 Oenanthe
618 187 743 224 herba
780 189 955 223 nascitur
992 189 1031 222 in
1069 188 1207 236 petris,
1247 185 1338 221 folio

167 245 412 293 pastinacae,
450 242 582 278 radice
621 254 780 291 magna,
818 253 1042 277 numerosa.
1097 239 1217 276 caulis
1257 241 1340 275 eius

167 302 209 333 et
240 296 331 332 folia
363 309 453 332 cum
484 295 603 331 melle
634 308 679 331 ac
711 297 800 331 vino
831 296 943 344 nigro
977 299 1073 342 pota
1104 292 1341 329 facilitatem

167 349 348 399 pariendi
380 354 590 411 praestant
619 348 895 397 secundasque
927 351 1116 397 purgant,
1147 348 1288 382 tussim
1320 358 1342 381 e

169 403 287 439 melle
312 402 473 445 tollunt,
499 405 653 438 urinam
679 404 799 438 cient.
853 400 965 437 radix
993 406 1035 437 et
1059 401 1213 436 vesicae
1239 401 1342 435 vitiis

171 456 370 493 medetur.

221 509 362 546 XCVI.
394 508 698 558 Heliochrysum
728 507 793 544 alii
821 505 1157 557 chrysanthemon
1187 511 1344 549 vocant,

171 563 342 599 ramulos
369 561 494 598 habet
521 561 724 605 candidos,
751 560 845 597 folia
872 560 1095 603 subalbida,
1122 558 1344 595 habrotono

172 616 328 659 similia,
355 616 405 652 ad
430 616 520 652 solis
548 628 822 664 repercussum
849 627 995 650 aureae
1020 613 1116 649 lucis
1142 615 1181 648 in
1208 613 1345 649 orbem

169 670 293 706 veluti
319 670 515 719 corymbis
541 668 880 718 dependentibus,
905 670 972 717 qui
999 679 1219 716 numquam
1244 679 1346 701 mar—

170 729 348 766 cescunt,
373 736 452 772 qua
476 723 526 759 de
550 735 669 758 causa
692 722 788 758 deos
811 726 1003 758 coronant
1026 720 1106 764 illo,
1130 719 1237 769 quod
1261 719 1346 755 dili-

170 779 404 827 gentissime
431 778 604 812 servavit
632 774 886 811 Ptolomaeus
913 775 1091 824 Aegypti
1119 786 1202 809 rex.
1259 786 1345 809 nas-

172 833 275 866 citur
293 832 332 866 in
351 829 546 866 frutectis.
602 832 681 865 ciet
701 831 832 865 urinas
852 841 873 864 e
893 830 983 864 vino
1001 833 1097 877 pota
1117 832 1159 863 et
1176 839 1346 862 menses.

174 884 340 920 duritias
375 889 417 920 et
450 882 784 919 inflammationes
818 882 996 924 discutit,
1030 881 1224 917 ambustis
1258 893 1349 916 cum

179 937 295 974 melle
329 939 541 986 inponitur.
596 943 733 973 contra
766 938 1011 984 serpentium
1044 937 1144 971 ictus
1179 940 1220 971 et
1254 933 1349 970 lum-

177 992 316 1027 borum
348 994 444 1027 vitia
467 991 627 1026 bibitur.
684 992 918 1039 sanguinem
945 994 1173 1025 concretum
1202 989 1350 1024 ventris

177 1051 245 1081 aut
275 1047 427 1081 vesicae
456 1044 625 1080 absumit
657 1056 745 1079 cum
784 1042 920 1079 mulso.
979 1041 1072 1078 folia
1106 1044 1187 1077 eius
1225 1040 1351 1077 trita1

173 1101 291 1135 trium
318 1097 519 1134 obolorum
550 1096 725 1146 pondere
751 1099 896 1133 sistunt
924 1094 1114 1144 profluvia
1142 1093 1351 1130 mulierum

178 1154 217 1187 in
237 1154 326 1187 vino
347 1151 447 1187 albo.
502 1157 631 1187 vestes
652 1156 788 1187 tuetur
807 1149 927 1186 odore
948 1162 1026 1185 non
1047 1148 1275 1197 ineleganti.

237 1204 399 1241 XCVII.
431 1203 679 1254 Hyacinthus
718 1206 756 1239 in
791 1203 919 1239 Gallia
951 1204 1123 1238 maxime
1160 1203 1352 1250 provenit.

180 1257 252 1294 hoc
279 1258 330 1294 ibi
355 1257 444 1294 fuco
469 1257 678 1307 hysginum
702 1259 875 1306 tingunt.
929 1255 1040 1292 radix
1066 1261 1126 1292 est
1148 1254 1353 1297 bulbacea,

179 1314 419 1361 mangonicis
440 1311 636 1347 venaliciis
658 1309 818 1359 pulchre
837 1315 946 1352 nota,
967 1321 1069 1358 quae
1094 1321 1115 1345 e
1135 1311 1224 1344 vino
1248 1307 1351 1344 dulci

177 1365 288 1401 inlita
317 1365 571 1413 pubertatem
595 1369 751 1400 coercet
781 1369 822 1399 et
851 1375 929 1399 non
957 1364 1108 1411 patitur
1128 1373 1348 1410 erumpere.

177 1418 410 1455 torminibus
438 1423 479 1454 et
506 1430 739 1453 araneorum
763 1417 955 1453 morsibus
982 1418 1142 1452 resistit.
1202 1417 1355 1451 urinam

178 1470 359 1520 impellit.
413 1476 551 1507 contra
567 1475 775 1519 serpentes
791 1475 834 1506 et
849 1471 1073 1518 scorpiones
1090 1468 1354 1517 morbumque

179 1527 334 1575 regium
356 1536 494 1561 semen
517 1526 600 1560 eius
622 1537 711 1560 cum
734 1522 957 1559 habrotono
979 1522 1110 1558 datur.

390 1621 401 1640 ¹
425 1622 509 1652 trita
525 1620 627 1651 omitt.
646 1619 799 1651 nonnulli
815 1618 904 1650 codd.
921 1624 948 1650 et
965 1619 1138 1659 Detlefsen.

223 1733 238 1779 ξ’
261 1729 298 1785 ἐξ),
317 1729 447 1769 πέτραις
471 1728 700 1768 (Dioscorides
726 1727 792 1758 ΙΙΙ.
821 1728 906 1768 120).
955 1727 1117 1767 PerhapS‚
1144 1726 1218 1757 “on
1253 1726 1356 1766 rocky

181 1773 244 1834 801bl
247 1783 477 1846 SDioscorides
493 1814 553 1844 has
564 1812 828 1854 corresponding
839 1815 877 1843 to
891 1811 1020 1852 Pliny's
1032 1821 1202 1843 numerosa
1216 1811 1356 1851 κεφαλὰς

183 1857 560 1941 ἔχουῗᾌζθλῐῑίῖέἕςᾶγθ,
571 1902 608 1930 to
621 1898 728 1929 which
744 1897 948 1938 apparently
963 1897 1085 1927 shades
1101 1907 1185 1927 were
1199 1897 1298 1937 given
1314 1897 1357 1937 by

182 1944 310 1985 adding
322 1943 418 1974 other
432 1942 651 1983 ingredicnts.
689 1941 759 1971 The
769 1941 814 1981 hy
817 1940 931 1971 acinth
949 1940 1102 1970 meantis
1115 1939 1214 1971 Scilla
1231 1939 1356 1981 bisolia.

180 2005 251 2041 280
