1469 2299
435 82 521 119 PLI
529 82 624 119 NY:
666 81 927 118 NATURAL
964 81 1198 119 HISTORY

229 187 309 221 veri
349 187 671 234 experimentum
711 190 785 228 est,
823 187 854 221 si
894 184 1099 221 admotum
1138 187 1244 234 prius
1283 198 1403 235 quam

230 252 441 299 extinguat
488 249 701 286 scintillare
748 262 903 285 sursum
950 262 995 285 ac
1041 248 1225 285 deorsum
1272 255 1402 299 cogat.

191 320 210 350 6
230 313 419 362 pallidum
437 326 481 349 ac
499 313 586 350 leve
606 312 803 349 herbaceo
820 326 864 349 ac
884 313 1022 349 scabro
1042 313 1181 349 melius
1202 327 1246 349 ac
1263 313 1405 351 leniter

228 391 418 414 amarum.
473 383 619 427 putant
648 383 863 426 conceptus
894 377 1069 414 adiuvari
1099 377 1316 427 adalligato
1345 390 1402 414 se-

228 444 348 486 mine,
365 444 394 478 si
412 447 559 478 terram
575 455 653 478 non
671 441 875 491 adtigerit,
892 447 1028 490 partus
1046 454 1151 485 vero,
1168 444 1199 478 si
1216 444 1255 477 in
1271 444 1404 478 arietis

229 506 317 542 lana
345 506 550 555 alligatum
584 509 784 542 inscientis
818 505 960 542 lumbis
994 505 1127 549 fuerit,
1157 508 1214 542 ita
1241 511 1287 542 ut
1319 519 1403 555 pro-

192 576 209 605 7
230 573 335 607 tinus
386 571 436 606 ab
486 573 605 606 enixu
656 572 832 619 rapiatur
883 576 997 606 extra
1046 570 1220 606 domum.
1278 573 1403 620 ipsum

228 637 409 671 cucumin
426 637 492 684 qui
509 635 767 684 magnificant
787 637 893 670 nasci
914 636 1171 683 praecipuum
1188 636 1226 670 in
1245 635 1404 671 Arabia.

228 712 319 735 mox
342 701 382 734 in
405 698 598 741 Arcadia;
635 698 797 749 Cyrenis
822 699 885 735 alii
908 698 1074 735 tradunt
1095 698 1263 735 similem
1286 698 1401 736 helio-

229 765 356 812 tropio
373 763 579 799 cucumin¹
611 765 715 799 inter
735 762 827 799 folia
849 768 890 799 et
917 776 1045 799 ramos
1071 765 1277 812 provenire
1297 777 1402 813 mag-

228 827 409 864 nitudine
454 830 562 863 nucis
607 827 817 877 iuglandis,
861 840 998 864 semen
1044 833 1179 863 autem
1226 840 1311 864 esse
1356 827 1406 864 ad

228 894 401 940 speciem
418 894 666 940 scorpionum
683 891 834 928 caudae
851 891 1057 935 reflexum,
1073 891 1143 928 sed
1163 892 1406 929 candidum.2

192 962 211 991 8
231 956 348 1005 aliqui
365 959 485 992 etiam
500 958 746 1005 scorpionem
761 955 776 978 3
789 958 970 992 cucumin
985 961 1127 992 vocant
1141 956 1406 992 efficacissimo

228 1026 365 1056 contra
392 1023 604 1069 scorpionis
635 1023 758 1056 ictum
779 1026 820 1057 et
840 1023 990 1056 semine
1012 1026 1053 1057 et
1081 1020 1257 1057 elaterio.
1315 1027 1374 1058 est
1390 1021 1405 1044 4

229 1085 279 1121 ad
304 1085 552 1134 purgandam
581 1087 782 1134 utrimque
810 1084 940 1122 alvum
967 1084 1106 1121 modus
1132 1098 1201 1134 pro
1225 1087 1406 1134 portione

230 1151 367 1185 virium
391 1149 439 1184 ab
462 1148 624 1185 dimidio
646 1149 761 1185 obolo
783 1148 833 1185 ad
854 1148 1036 1192 solidum,
1058 1151 1252 1198 copiosius
1274 1155 1404 1186 necat.

229 1216 282 1249 sic
299 1219 339 1250 et
356 1219 493 1249 contra
506 1212 755 1262 phthiriasim
768 1213 919 1250 bibitur
933 1219 974 1250 et
987 1212 1223 1264 hydropicis.
1251 1213 1407 1250 inlitum

229 1280 392 1327 anginas
418 1283 458 1314 et
482 1280 646 1314 arterias
670 1291 758 1314 cum
782 1277 899 1314 melle
923 1283 993 1314 aut
1015 1277 1102 1314 oleo
1123 1283 1258 1314 vetere
1279 1284 1405 1315 sanat.

193 1348 212 1379 9
286 1342 350 1378 IV.
384 1341 502 1378 Multi
549 1341 652 1379 hunc
699 1355 785 1379 esse
831 1342 937 1391 apud
983 1355 1052 1379 nos
1099 1345 1163 1392 qui
1211 1345 1406 1392 anguinus

230 1413 404 1450 vocetur,
433 1407 482 1443 ab
510 1406 592 1443 aliis
621 1409 825 1450 erraticus,
853 1407 1110 1450 arbitrantur,
1138 1421 1215 1456 quo
1243 1407 1407 1444 decocto

229 1484 363 1520 sparsa
397 1484 528 1508 mures
563 1485 641 1508 non
675 1471 902 1521 adtingunt.
957 1471 1062 1508 idem
1098 1471 1281 1521 podagris
1316 1484 1406 1508 eum

231 1541 272 1572 et
302 1535 575 1572 articularibus
606 1536 751 1573 morbis
782 1536 992 1572 decoctum
1022 1538 1060 1572 in
1091 1542 1206 1572 aceto
1236 1536 1408 1572 inlinunt

230 1606 520 1649 praesentaneo
553 1600 743 1644 remedio,
776 1600 1000 1637 lumborum
1035 1613 1126 1636 vero
1160 1600 1314 1636 dolores
1347 1614 1405 1636 se-

230 1667 335 1700 mine
382 1664 463 1701 sole
508 1667 668 1708 siccato,
715 1664 808 1701 dein
854 1667 963 1708 trito,
1007 1666 1038 1702 >4
1064 1678 1111 1701 xx
1153 1664 1328 1713 pondere
1368 1667 1407 1700 in

280 1768 290 1786 ¹
315 1768 471 1797 cucumin
495 1767 668 1807 Jlayhoss:
703 1768 756 1798 cui
775 1772 832 1798 aut
853 1769 948 1798 cuius
968 1767 1057 1798 codd.

281 1809 292 1828 ²
315 1809 444 1840 caudae
469 1834 475 1840 .
502 1835 507 1840 .
535 1810 772 1849 .candidum.]
820 1811 870 1841 Ila
905 1810 1022 1849 Silliq:
1053 1810 1163 1841 cauda
1190 1810 1325 1850 replexa
1349 1810 1406 1840 sed

230 1851 374 1882 candida
391 1851 479 1882 codd.

285 1896 296 1913 ³
320 1895 398 1926 Post
412 1896 628 1935 scorpionem
645 1895 720 1926 add.
737 1905 815 1926 eum
838 1895 1071 1935 Warminqtcm.

284 1938 296 1956 ⁴¹
321 1942 373 1969 est·
393 1938 567 1979 Mayhoff:
599 1942 634 1969 et
652 1939 742 1970 codd.

234 1999 256 2033 6
