1469 2299
411 104 605 141 PLINY:
651 105 911 142 NATURAL
946 105 1179 143 HISTORY

207 207 257 243 ad
283 213 439 250 ructus3
480 207 569 244 ideo
595 207 787 244 stomachi
814 207 1082 244 inflationibus
1110 214 1149 245 et
1178 211 1381 245 intestino-

207 284 292 307 rum
322 272 557 308 torminibus
587 277 627 307 et
657 271 836 308 coeliacis
866 271 1061 308 medetur.
1117 272 1312 321 singultus
1342 279 1381 309 et

207 334 396 372 olfactum
438 341 659 385 potumque
701 335 908 371 decoctum
953 335 1118 372 inhibet.
1174 336 1273 372 foliis
1316 336 1382 373 de-

207 399 326 433 coctis
361 396 506 447 digerit
546 397 776 433 cruditates.
831 411 945 433 sucus
979 397 1131 434 decocti
1166 411 1254 434 cum
1295 400 1383 447 apio

207 457 374 494 olfactus
406 464 683 495 sternumenta
714 457 881 495 inhibet.
937 464 1075 507 potum
1107 472 1263 495 somnos
1294 472 1383 496 con-

207 522 319 562 citat,
345 520 512 556 calculos
539 520 665 569 pellit,
691 522 926 556 vomitiones
952 519 1111 556 cohibet
1139 526 1180 557 et
1206 534 1383 569 praecor-

208 581 360 617 diorum
390 587 580 624 tumores,
612 587 653 617 et
683 587 889 630 pectorum
921 583 1037 625 vitiis,
1069 584 1195 618 nervis
1226 595 1384 631 quoque

124 647 181 678 190
208 643 350 691 quibus
379 645 620 679 succinctum
650 649 709 679 est
737 656 877 691 corpus
905 643 1168 679 utilissimum.
1223 644 1383 693 prodest

209 710 249 740 et
269 706 408 753 capitis
429 704 626 740 doloribus
647 704 825 740 instillari
847 717 982 740 sucum
1003 718 1091 740 cum
1112 704 1198 741 oleo
1218 705 1382 741 decocti.

209 779 285 801 non
321 765 424 802 aliud
462 766 594 802 utilius
630 768 757 802 ventri
794 771 835 802 et
871 768 1067 802 intestinis
1103 772 1261 815 putant,
1297 767 1385 803 ideo

208 826 456 876 dysintericis
496 834 536 864 et
576 830 612 863 in
652 833 852 864 tenesmos
891 827 1009 864 datur
1047 833 1211 864 tostum.
1266 828 1383 877 aliqui

209 888 361 925 addunt
383 895 422 925 et
443 891 590 938 opium,
611 889 739 938 pilulis
760 891 799 924 in
819 889 883 925 die
903 891 1026 925 ternis
1046 888 1168 938 lupini
1188 892 1384 939 magnitu-

124 954 175 985 191
208 950 299 986 (line
316 952 354 986 in
371 953 446 986 vini
463 950 608 1000 cyatho
623 950 769 987 dilutis.
827 949 1026 986 Dieuches
1043 956 1083 987 et
1099 950 1150 987 ad
1164 950 1385 988 lumborum

208 1011 361 1048 dolores
388 1026 480 1048 suco
506 1026 597 1048 usus
626 1018 700 1055 est,
726 1025 863 1048 semen
890 1011 1113 1062 hydropicis
1140 1018 1181 1048 et
1207 1012 1386 1049 coeliacis

208 1073 317 1109 dedit
337 1076 475 1110 tritum
494 1088 583 1109 cum
600 1080 751 1117 menta,
769 1073 926 1109 Evenor
942 1073 1115 1110 radicem
1133 1080 1174 1110 et
1191 1074 1241 1111 ad
1259 1087 1383 1111 renes.

210 1135 352 1170 Dalion
388 1134 591 1171 herbarius
627 1136 940 1184 parturientibus
977 1148 1025 1171 ex
1062 1149 1108 1171 eo
1143 1135 1385 1185 cataplasma

209 1198 379 1245 inposuit
411 1210 499 1233 cum
531 1199 633 1246 apio,
664 1199 761 1233 item
793 1196 995 1233 vulvarum
1025 1196 1163 1240 dolori,
1193 1197 1385 1247 deditque

208 1258 425 1294 bibendum
468 1272 557 1295 cum
601 1265 720 1295 aneto
763 1259 1089 1307 parturientibus.
1145 1258 1385 1308 phreneticis

209 1333 367 1368 quoque
406 1320 574 1356 inlinunt
614 1320 675 1356 vel
714 1333 849 1356 recens
888 1334 977 1356 cum
1016 1320 1200 1370 polenta3
1253 1323 1306 1357 sic
1345 1327 1385 1357 et

210 1380 425 1417 infantibus
458 1381 656 1417 comitiale
688 1384 842 1424 vitium,
874 1388 943 1418 aut
975 1384 1268 1418 contractiones
1300 1395 1384 1418 sen-

125 1444 413 1479 metientibus.
470 1442 717 1493 Pythagoras
755 1443 917 1492 quidem
955 1449 1078 1493 negat
1115 1446 1253 1493 corripi
1293 1446 1387 1480 vitio

210 1505 396 1540 comitiali
431 1507 470 1541 in
502 1519 623 1541 manu
656 1504 866 1548 habentes,
900 1504 989 1541 ideo
1023 1518 1142 1554 quam
1175 1505 1386 1554 plurimum

209 1565 314 1601 domi
340 1566 574 1609 serendum3
613 1580 752 1615 parere
777 1580 935 1616 quoque
960 1565 1110 1603 facilius
1135 1566 1386 1603 olfactantes.

212 1633 251 1663 et
286 1630 423 1664 statim
457 1642 478 1663 a
512 1634 630 1677 partu
663 1628 839 1665 dandum
873 1630 984 1677 potui
1018 1627 1181 1677 polenta
1214 1641 1384 1677 aspersa.

212 1688 434 1726 Sosimenes
463 1696 601 1727 contra
628 1703 764 1726 omnes
792 1689 957 1726 duritias
987 1702 1035 1726 ex
1064 1695 1179 1726 aceto
1207 1703 1298 1726 usus
1327 1696 1385 1726 est

246 1839 260 1853 ⁰
283 1834 432 1874 Perhaps
449 1836 591 1875 parsley.

247 1877 258 1896 ¹²
283 1878 328 1909 Or
346 1879 415 1909 “of
424 1888 563 1918 persons
577 1878 688 1909 whose
706 1877 797 1919 body
814 1880 841 1909 is
854 1880 919 1919 girt
937 1888 982 1918 up
996 1878 1048 1909 for
1064 1877 1156 1908 work
1171 1877 1211 1914 ’';
1245 1878 1387 1909 “active

205 1921 380 1962 personS.''

246 1968 257 1982 ⁶
280 1964 338 1995 See
356 1973 412 2004 pp.
431 1964 449 1994 8
465 1963 533 1994 and
551 1964 701 1996 xiii-xiv.

217 2031 283 2054 110
