1469 2299
94 523 153 554 129

93 1015 152 1046 130

383 108 576 145 PLINY:
623 107 884 145 NATURAL
918 106 1153 144 HISTORY

182 216 281 254 tata,
313 210 457 260 alioqui
490 223 567 246 non
597 212 751 246 tisanae
783 211 913 259 potius
944 208 1080 245 laudes
1111 210 1358 256 scripsissent

179 273 334 308 Graeci.
390 271 565 308 nondum
594 272 762 307 arbitror
791 270 953 320 Pompei
984 270 1123 320 Magni
1153 275 1288 306 aetate
1316 271 1356 305 in

181 347 252 370 usu
279 333 413 376 fuisse,
439 339 481 369 et
505 333 594 369 ideo
620 335 681 369 vix
708 335 920 382 quicquam
945 332 995 368 de
1021 345 1068 368 ea
1092 333 1281 380 scriptum
1307 331 1357 367 ab

181 395 426 444 Asclepiadis
475 394 618 431 schola.
676 407 761 430 esse
811 393 972 443 quidem
1023 395 1168 429 eximie
1217 392 1357 429 utilem

179 470 297 493 nemo
324 457 498 500 dubitat,
525 458 607 492 sive
635 456 744 492 eluta
771 455 889 492 detur
917 468 964 491 ex
993 468 1098 504 aqua
1123 454 1250 490 mulsa
1276 456 1358 490 sive

180 521 217 553 in
254 519 489 554 sorbitiones
526 517 691 554 decocta
726 520 807 553 sive
844 519 882 552 in
919 516 1084 566 pultem.
1140 515 1282 552 eadem
1316 517 1356 552 in

179 580 266 615 alvo
293 579 471 616 sistenda
499 585 687 622 torretur,
715 579 808 615 dein
836 577 1016 615 favorum
1043 590 1134 614 cera
1161 579 1357 627 coquitur,

182 647 225 677 ut
253 655 370 690 supra
397 641 580 677 diximus.
636 640 889 690 peculiariter
914 645 1052 676 tamen
1077 639 1195 689 longo
1220 639 1358 675 morbo

179 703 227 738 ad
254 702 521 739 tabitudinem
545 702 717 739 redactis
740 703 925 738 subvenit
951 703 1072 738 ternis
1096 703 1180 737 eius
1202 699 1356 751 cyathis

179 767 217 800 in
253 766 471 800 sextarium
507 777 635 814 aquae
670 766 814 800 sensim
850 763 1037 806 decoctis,
1072 762 1198 799 donec
1232 764 1357 799 omnis

182 839 285 875 aqua
319 831 589 869 consumatur,
624 831 763 875 postea
798 827 972 861 sextario
1006 824 1117 860 lactis
1152 824 1255 860 ovilli
1290 829 1360 860 aut

179 889 325 936 caprini
368 887 505 924 addito
549 900 619 936 per
661 889 868 923 continuos
910 886 1027 929 dies,1
1068 899 1159 922 mox
1203 885 1360 922 adiecto

181 949 310 985 melle.
367 949 436 985 tali
463 962 611 998 genere
638 949 862 985 sorbitionis
890 947 1129 984 emendatur
1156 949 1347 997 syntexis.

232 1011 358 1047 LXII.
392 1011 504 1047 Milio
522 1013 675 1047 sistitur
693 1010 815 1052 alvus,
833 1010 1101 1046 discutiuntur
1117 1011 1301 1052 tormina,
1318 1011 1358 1045 in

180 1085 299 1121 quem
331 1086 445 1108 usum
478 1078 653 1108 torretur
684 1077 790 1108 ante.
847 1084 1055 1107 nervorum
1087 1071 1286 1107 doloribus
1317 1076 1359 1107 et

182 1133 265 1169 aliis
292 1133 448 1170 fervens
474 1136 513 1170 in
539 1147 651 1170 sacco
678 1136 893 1182 inponitur,
922 1145 1051 1182 neque
1077 1132 1183 1169 aliud
1210 1132 1358 1175 utilius,

181 1197 368 1244 quoniam
400 1195 639 1232 levissimum
673 1195 1025 1244 mollissimumque
1057 1199 1119 1231 est
1149 1199 1190 1230 et
1221 1193 1358 1230 caloris

181 1259 494 1306 capacissimum.
551 1260 687 1306 itaque
715 1257 804 1293 talis
833 1270 924 1293 usus
952 1259 1034 1292 eius
1063 1261 1124 1292 est
1151 1256 1201 1292 ad
1228 1257 1360 1292 onmia

180 1320 322 1368 quibus
353 1319 458 1355 calor
489 1318 719 1368 profuturus
751 1325 823 1354 est.
880 1318 1005 1354 farina
1037 1320 1120 1354 eius
1151 1331 1240 1354 cum
1272 1319 1357 1366 pice

178 1379 327 1430 liquida
349 1383 597 1430 serpentium
620 1386 661 1417 et
684 1380 931 1430 multipedae
954 1379 1079 1429 plagis
1102 1381 1315 1429 inponitur.

228 1475 238 1493 ¹
263 1475 342 1506 Post
366 1475 438 1506 dies
460 1475 615 1506 lacunam
639 1475 763 1506 indicat
788 1474 952 1515 Mayhoff,
975 1474 1073 1515 Silli9
1096 1479 1233 1505 secutas.
1282 1474 1360 1505 For-

183 1522 267 1549 tasse
284 1518 403 1549 excidit
422 1526 473 1549 111.

227 1641 241 1655 ⁴²
263 1636 369 1668 Galen
389 1636 549 1674 (without
568 1637 780 1677 mentioning
801 1636 913 1676 Pliny)
931 1646 1009 1676 says
1030 1635 1153 1676 rightly
1174 1635 1251 1666 that
1273 1635 1359 1666 alica

183 1690 250 1728 was
269 1680 392 1710 known
412 1680 445 1710 in
464 1679 523 1710 the
547 1679 632 1720 days
656 1679 694 1710 of
716 1679 954 1719 Hippocrates,
976 1679 1075 1719 being
1094 1678 1200 1709 called
1224 1677 1358 1718 χόνδρος

183 1723 393 1795 (QUI-0228
412 1773 474 1795 13.st

230 1811 241 1824 θ
268 1808 307 1838 In
328 1808 396 1838 this
417 1818 558 1848 passage
578 1811 615 1838 at
635 1807 732 1843 least,
752 1817 789 1837 as
809 1807 867 1837 the
888 1813 956 1837 two
973 1807 1105 1837 thicker
1121 1806 1226 1837 forms
1246 1806 1359 1837 follow

183 1850 427 1890 immediately,
444 1850 531 1880 alica
548 1849 633 1881 eluta
651 1860 759 1880 seems
777 1853 813 1881 to
833 1850 873 1880 be
892 1850 949 1880 the
968 1849 1072 1889 liquid
1094 1849 1139 1890 by
1156 1849 1259 1886 it-self,
1276 1849 1359 1880 with

182 1893 227 1924 all
243 1893 301 1924 the
321 1893 406 1924 solid
428 1896 506 1934 part
522 1892 689 1923 “washed
708 1892 801 1923 out’'
822 1892 946 1931 (eluta).
994 1892 1055 1923 See
1077 1902 1109 1933 p.
1127 1892 1201 1926 372,
1218 1895 1299 1923 note
1315 1902 1359 1923 on

185 1937 199 1975 ξ
215 1937 325 2009 ΙαΙἙΘΘ
349 1979 364 2017 §
380 1979 441 2009 116
460 1978 558 2010 datur
577 2002 585 2009 .
607 2001 614 2009 .
637 2002 644 2009 .
665 1982 774 2009 tostae.
821 1977 855 2009 It
873 1987 982 2008 seems
1003 1977 1114 2008 better
1133 1981 1170 2008 to
1189 1977 1270 2008 take
1288 1987 1361 2009 cera

183 2037 254 2085 386
