1469 2299
120 316 160 345 90

123 740 159 770 91

131 1373 242 1410 93fu

390 98 554 135 PLINY
570 111 578 135 :
620 97 654 134 N
659 97 884 134 ATURAL
919 95 1154 133 HISTORY

188 202 379 238 secundas
424 207 465 237 et
507 203 627 237 muris
671 203 803 236 aranei
848 212 1009 235 morsus.
1065 198 1245 236 foliorum
1289 201 1358 235 ari-

187 256 325 292 dorum
355 254 480 290 farina
507 254 701 290 alterutra
727 259 842 303 parte
871 253 1082 289 exinanit.1

240 308 400 344 XXXV.
432 308 490 344 Ex
526 308 706 344 omnibus
741 308 936 344 brassicae
971 305 1182 355 generibus
1217 307 1355 341 suavis-

187 365 283 397 sima
326 368 385 397 est
428 374 556 410 cyma,
593 364 666 397 etsi
711 360 857 396 inutilis
900 358 1084 402 habetur,
1118 358 1281 394 difficilis
1324 360 1361 393 in

188 414 469 463 concoquendo
514 420 556 450 et
599 414 758 450 renibus
802 415 1009 449 contraria.
1066 411 1158 448 illud
1204 424 1362 460 quoque

190 481 266 504 non
298 474 357 504 est
391 467 672 510 omittendum,
703 480 846 516 aquam
876 466 1065 502 decoctae
1096 465 1144 501 ad
1178 470 1240 501 tot
1270 478 1360 500 usus

190 521 393 557 laudatam
418 520 571 557 faetere
594 520 702 557 humi
729 519 903 556 effusam.
959 521 1140 567 stirpium
1169 518 1364 554 brassicae

190 575 386 610 aridorum
413 576 507 610 cinis
534 576 638 610 inter
663 576 835 610 caustica
862 572 1121 621 intellegitur,
1148 571 1197 607 ad
1223 584 1363 607 coxen-

189 628 319 664 dicum
347 627 500 664 dolores
527 640 616 664 cum
644 627 760 676 adipe
788 632 960 667 vetusto,
988 631 1028 661 at
1055 638 1143 661 cum
1171 624 1297 660 lasere
1324 630 1365 660 et

191 687 305 717 aceto
335 682 488 717 instar'2
520 681 670 730 psilotri
700 680 841 716 evulsis
866 679 999 715 inlitus
1024 678 1110 727 pilis
1135 680 1241 714 nasci
1271 677 1365 714 alios

192 733 388 784 prohibet.
443 734 593 770 bibitur
629 740 670 770 et
706 747 795 770 cum
832 732 919 769 oleo
955 730 1269 768 subfervefactus
1305 730 1366 767 vel

191 801 262 837 per
283 800 325 823 se
349 787 473 823 elixus
497 787 546 824 ad
569 787 751 823 convolsa
774 792 815 823 et
837 792 955 835 rupta
978 788 1082 821 intus
1105 785 1295 833 lapsoque
1317 796 1366 820 ex

192 841 284 877 alto.
341 840 445 876 nulla
468 853 561 890 ergo
582 846 673 877 sunt
695 842 858 876 crimina
877 838 1099 875 brassicae?
1136 840 1256 874 immo
1276 850 1368 874 vero

193 894 297 943 apud
323 894 483 930 eosdem
506 896 662 930 animae
685 896 925 943 gravitatem
949 891 1093 935 facere,
1116 891 1304 928 dentibus
1327 896 1368 927 et

193 950 360 997 gingivis
396 960 551 984 nocere.
607 954 647 984 et
684 950 723 983 in
761 947 949 996 Aegypto
984 951 1147 995 propter
1182 946 1367 981 amaritu-

192 1001 326 1037 dinem
347 1014 424 1037 non
448 1006 567 1037 estur.

245 1054 430 1090 XXXVI.
460 1054 655 1090 Silvestris
700 1056 781 1090 sive
826 1055 1017 1089 erraticae
1062 1055 1240 1087 inmenso
1283 1050 1369 1100 plus

197 1107 360 1143 effectus
383 1107 518 1144 laudat
542 1107 656 1150 Cato,
678 1107 778 1143 adeo
800 1112 845 1143 ut
867 1105 1001 1142 aridae
1023 1117 1181 1154 quoque
1203 1103 1369 1140 farinam

195 1163 234 1196 in
270 1160 474 1197 olfactorio
509 1161 729 1204 collectam,
766 1160 827 1196 vel
863 1159 982 1196 odore
1017 1164 1176 1195 tantum
1212 1158 1371 1194 naribus

194 1220 323 1263 rapto,
369 1217 463 1250 vitia
507 1227 641 1250 earum
685 1213 1079 1264 graveolentiamque
1121 1223 1262 1248 sanare
1304 1210 1370 1247 ad—

196 1267 339 1304 firmet.
394 1267 495 1304 hanc
531 1267 595 1304 alii
631 1273 838 1318 petraeam
874 1271 1030 1310 vocant,
1065 1267 1371 1301 inimicissimam

196 1323 300 1364 vino,
327 1333 445 1370 quam
472 1323 684 1371 praecipue
709 1322 799 1357 vitis
825 1319 953 1370 fugiat
980 1325 1063 1363 aut,
1089 1321 1120 1355 si
1145 1331 1224 1355 non
1249 1319 1372 1367 possit

244 1387 354 1424 gere,
400 1377 602 1411 moriatur.
657 1373 751 1411 folia
803 1372 927 1410 habet
970 1372 1141 1416 tenuia,3
1188 1371 1372 1414 rotunda,

196 1440 331 1477 parva,
359 1427 474 1471 levia,
502 1428 647 1477 plantis
675 1428 790 1464 oleris
818 1426 992 1470 similior,
1019 1425 1222 1462 candidior
1247 1427 1373 1461 sativa

199 1486 241 1518 et
290 1480 487 1518 hirsutior.
542 1481 643 1518 hane
693 1480 960 1518 inflationibus
1010 1479 1176 1522 mederi,
1225 1477 1371 1514 melan—

197 1533 355 1571 cholicis
380 1547 539 1585 quoque
562 1548 607 1572 ac
630 1534 856 1571 vulneribus
880 1533 1106 1570 recentibus
1129 1545 1219 1569 cum
1241 1531 1374 1575 melle,

247 1603 259 1622 ¹
288 1605 317 1635 U
320 1604 431 1636 ltimas
449 1605 626 1636 sententias
646 1605 692 1636 ita
711 1604 787 1636 dist.
808 1603 973 1644 Mayhoff.

207 1646 262 1720 M²
286 1648 394 1731 ilrzisbar
421 1647 559 1684 Urlichs,
584 1647 767 1689 Detlefsen:
805 1648 895 1678 inter
916 1647 1026 1679 codd.:
1067 1646 1154 1676 inter
1180 1647 1208 1676 et
1234 1643 1374 1686 psilotra

248 1699 291 1730 ay
315 1701 332 1721 ο
364 1715 370 1722 .

247 1732 259 1750 ³
285 1734 403 1806 tssnuia
433 1733 607 1775 Blayhoff:
653 1734 731 1764 bina
760 1732 947 1774 Detlessen:
987 1733 1068 1763 vina
1097 1730 1145 1762 F:
1190 1730 1270 1761 bina
1298 1729 1372 1761 dT:

208 1786 275 1806 una
326 1801 333 1807 .

245 1870 259 1884 ¹²
282 1864 352 1895 The
367 1863 508 1904 reading
523 1864 550 1894 is
565 1863 754 1894 uncertain.
801 1862 953 1903 Perhaps
968 1861 988 1874 “
1001 1860 1186 1897 uniform,”
1203 1860 1223 1873 “
1237 1858 1344 1900 single
1355 1858 1375 1871 '⁹

206 1910 312 1946 (una),
332 1918 368 1938 or
389 1908 408 1919 “
424 1907 456 1937 in
477 1908 567 1947 pairs
581 1906 601 1918 '⁵
622 1906 740 1946 (bina).

246 1949 258 1968 ⁶
283 1954 302 1964 ‘⁸
317 1950 530 1990 Melaneholy
546 1950 565 1961 ’‘
596 1950 630 1980 in
660 1950 799 1980 ancient,
828 1947 994 1979 medicine
1023 1945 1213 1987 comprised
1244 1944 1289 1975 all
1317 1944 1376 1975 the

205 1993 407 2034 complaints
423 1993 502 2024 that
514 2002 599 2023 were
615 1991 787 2033 supposed
803 1994 840 2022 to
854 1991 895 2021 be
907 1989 1032 2022 caused
1050 1989 1094 2030 by
1109 1989 1129 2001 “
1140 1988 1240 2020 blaek
1258 1987 1324 2018 bile
1337 1987 1376 2023 ”3

209 2051 252 2087 54
