1469 2299
169 567 210 597 98

169 1146 210 1176 99

440 138 634 178 ΡΙᾸΝΥι
678 139 940 177 NATURAL
973 139 1207 177 HISTORY

234 241 321 284 bus,
334 240 421 284 fico,
432 240 559 277 ferula
572 247 614 278 et
624 243 812 278 cummim
826 241 1060 284 ferentibus,
1072 255 1149 278 non
1162 244 1259 278 item
1274 241 1288 265 1
1301 247 1409 285 taxo,

236 305 390 348 robore,
413 318 612 354 cupresso,
635 311 680 342 ut
703 306 885 342 diximus.
941 305 1010 341 sed
1033 308 1109 341 ista
1132 307 1218 354 quis
1240 305 1410 354 spondet

235 370 274 404 in
310 369 543 406 venalibus?
592 372 768 406 omnium
804 369 907 406 colos
944 369 1094 405 lividus.
1150 369 1211 406 hic
1245 369 1410 405 habebit

235 436 377 469 veneni
442 440 725 483 argumentum
746 447 824 483 quo
862 434 1022 470 similior
1064 433 1184 470 fuerit
1226 434 1409 470 arborum

237 498 405 534 cortici.²
452 498 640 535 adversus
654 497 752 534 haec
765 498 936 534 diximus
951 498 1126 534 remedia
1140 497 1408 547 dicemusque.

236 564 395 598 interim
425 568 518 599 sunt
548 562 681 612 aliqua
711 568 752 599 et
786 564 825 598 in
854 562 934 598 iis.3
988 562 1172 598 Glaucias
1205 560 1410 598 stomacho

236 626 354 662 utiles
401 632 518 675 putat
564 626 730 663 boletos.
786 628 983 662 siccantur
1028 626 1251 675 pendentes
1297 625 1411 669 suilli,

237 692 352 726 iunco
381 690 559 727 transfixi
589 691 726 740 quales
755 703 777 727 e
805 689 993 741 Bithynia
1022 692 1197 727 veniunt.
1252 689 1291 726 hi
1319 689 1412 726 fluc-

236 755 410 791 tionibus
445 755 519 791 alvi
554 768 652 805 quas
686 754 991 791 rheumatismos
1026 760 1168 791 vocant
1200 754 1412 791 medentur

237 820 641 869 excrescentibusque
671 822 710 855 in
741 819 836 856 sede
865 820 1062 861 carnibus,
1091 821 1276 855 minuunt
1307 820 1412 854 enim

237 895 304 919 eas
333 888 374 919 et
402 889 584 933 ternpore
613 884 842 927 absumunt,
871 885 968 920 item
998 883 1231 932 lentiginem
1259 888 1301 920 et
1328 896 1411 919 mu—

237 947 376 984 lierum
396 950 435 984 in
455 947 555 984 facie
576 950 683 984 vitia.
738 948 922 984 lavantur
941 950 1061 984 etiarn
1083 953 1127 984 ut
1147 947 1353 996 plumbum
1372 949 1409 982 in

236 1011 437 1048 oculorum
456 1013 762 1049 medicamenta.
817 1012 983 1048 sordidis
1002 1011 1196 1048 ulceribus
1215 1017 1256 1048 et
1272 1013 1412 1060 capitis

237 1078 526 1125 eruptionibuS‚
559 1090 702 1113 canum
736 1077 929 1113 morsibus
963 1089 1010 1112 ex
1045 1089 1149 1125 aqua
1182 1075 1410 1112 inlinuntur.

236 1140 335 1176 libet
365 1147 406 1177 et
439 1141 635 1190 coquendi
671 1141 766 1177 dare
797 1141 947 1190 aliquas
977 1153 1205 1177 communes
1239 1142 1277 1176 in
1305 1142 1409 1176 omni

237 1216 284 1240 eo
307 1217 455 1254 genere
479 1206 790 1248 observationes,
814 1205 975 1254 quando
997 1207 1106 1254 ipsae
1129 1206 1207 1241 suis
1230 1204 1412 1240 manibus

235 1268 401 1305 deliciae
422 1275 664 1319 praeparant
683 1269 788 1306 hunc
808 1270 939 1305 cibum
960 1269 1086 1305 solum
1108 1274 1150 1305 et
1169 1270 1412 1318 cogitatione

237 1338 332 1369 ante
384 1339 602 1383 pascuntur
652 1336 796 1370 sucinis
849 1333 1046 1370 novaculis
1099 1338 1168 1369 aut
1220 1338 1412 1383 argenteo

289 1435 299 1453 ¹
323 1437 443 1466 noxios
459 1441 573 1467 autem
590 1436 673 1467 coni.
693 1435 852 1476 fllayhoff.

287 1478 299 1497 ²
322 1479 481 1510 arborum
523 1480 639 1510 cortici
682 1480 855 1520 Mayhoff:
909 1479 1082 1510 arborum.
1124 1479 1185 1520 piri
1228 1478 1412 1518 Detlessen:

241 1521 401 1552 arborum
424 1523 477 1553 fici
497 1528 554 1553 aut
575 1522 645 1553 ficis
665 1523 754 1553 codd.

286 1564 299 1582 ³
323 1565 362 1595 iis
381 1565 411 1595 R
427 1577 434 1595 ε
466 1565 516 1596 his
528 1565 597 1605 fere
615 1575 725 1596 omnes
741 1565 831 1596 codd.

283 1704 400 1745 ⁰May
404 1704 485 1735 hoff’
489 1716 503 1735 s
522 1705 729 1744 conjecture,
750 1705 864 1736 noxios
881 1708 1001 1739 autem,
1022 1703 1082 1734 has
1102 1703 1203 1735 much
1223 1707 1260 1734 to
1281 1703 1321 1734 be
1340 1703 1413 1734 said

237 1746 290 1777 for
307 1748 345 1783 it,
365 1747 427 1778 but
444 1747 525 1778 does
542 1751 603 1778 not
621 1747 813 1788 materially
830 1748 915 1778 alter
933 1747 991 1777 the
1007 1757 1113 1778 sense.
1159 1746 1414 1787 Theophrastus

237 1790 305 1820 and
334 1790 548 1821 Dioscorides
574 1790 618 1821 do
646 1794 706 1821 not
734 1791 811 1831 help
838 1801 876 1820 us
905 1790 1004 1820 much
1034 1791 1065 1820 in
1095 1790 1318 1830 interpreting
1345 1789 1413 1820 this

238 1837 316 1873 palt
336 1832 373 1863 of
390 1833 500 1873 Pliny,
519 1843 556 1863 as
576 1833 657 1873 they
677 1833 758 1864 used
776 1832 917 1872 μύκητες
936 1832 988 1863 sor
1009 1832 1090 1862 both
1110 1832 1203 1863 boleti
1221 1832 1289 1862 and
1301 1832 1413 1872 szmqi,

237 1874 378 1916 βωλιτης
396 1877 572 1916 oecurring
589 1876 696 1916 only
689 1887 720 1906 ln
741 1876 847 1907 Galen
866 1875 933 1905 and
954 1875 1148 1915 Geoponica.

284 1918 296 1937 ⁶
319 1917 378 1949 See
396 1918 489 1949 XVI.
506 1918 520 1957 §
538 1919 588 1949 31.

279 1965 290 1979 ⁶
314 1962 342 1992 A
357 1963 484 2002 species
501 1961 540 1992 of
549 1962 627 1998 oak,
642 1961 715 1992 said
730 1965 767 1992 to
780 1961 821 1992 be
835 1961 894 1992 the
917 1971 1010 1991 same
1025 1971 1062 1991 as
1077 1959 1150 1999 δρῦς
1163 1959 1259 1999 ἀγρία
1271 1959 1400 2000 (φηγός)

236 2004 384 2046 perhaps
402 2003 546 2042 Quercus
562 2004 720 2045 aeqz'lops.

239 2065 309 2113 362
