1469 2299
116 390 156 419 30

119 815 156 845 31

389 119 552 156 PLINY
568 133 577 156 ε
620 118 881 155 NATURAL
918 117 1151 154 HISTORY

181 222 484 271 cavendumque
520 233 570 257 ne
605 227 754 257 terram
789 219 986 269 adtingat.
1043 219 1180 256 Celsus
1216 224 1258 255 et
1293 232 1360 268 po-

182 277 314 325 dagris
344 288 447 325 quae
477 277 561 311 sine
590 280 747 310 tumore
777 276 856 310 sint
885 273 1058 309 radicem
1089 275 1173 309 eius
1201 275 1241 308 in
1270 275 1360 309 vino

183 330 390 367 decoctam
408 330 543 377 inponi
562 328 687 364 iubet.

234 383 318 419 XV.
348 382 533 418 Alterum
563 394 688 431 genus
720 385 781 417 est
810 378 1073 429 staphylinus‚
1105 378 1211 428 quod
1240 381 1361 428 pasti-

184 450 324 472 nacam
341 438 551 472 erraticam
572 439 726 470 vocant.
767 435 850 469 eius
871 445 1009 469 semen
1025 435 1241 469 contritum
1263 437 1304 468 et
1323 434 1363 467 in

185 492 274 526 vino
285 495 424 538 potum
436 493 662 525 tumentem
671 487 802 524 alvum
813 492 854 523 et
865 485 1142 522 suffocationes
1153 485 1363 522 mulierum

184 543 419 591 doloresque
439 542 539 578 lenit
558 544 597 577 in
614 546 772 577 tantum
789 545 835 576 ut
855 539 988 576 vulvas
1005 542 1190 589 corrigat,
1206 539 1363 575 inlitum

186 609 344 645 quoque
375 609 395 631 e
425 608 540 644 passo
570 596 698 630 ventri
729 606 866 630 earum
895 595 1042 642 prosit;
1083 599 1124 630 et
1152 595 1243 630 viris
1271 606 1364 629 vero

185 653 308 699 prosit
346 662 435 685 cum
473 650 584 697 panis
622 650 805 697 portione
842 659 972 696 aequa
1008 648 1149 682 tritum
1187 658 1236 682 ex
1273 648 1363 682 vino

187 709 325 752 potum
353 707 490 738 contra
518 704 666 737 ventris
694 700 861 737 dolores.
916 699 1030 749 pellit
1058 705 1100 736 et
1127 702 1295 742 urinam,
1324 705 1365 735 et

186 755 468 805 phagedaenas
504 755 680 791 ulcerum
716 756 820 790 sistit
855 766 992 789 recens
1029 766 1119 789 cum
1154 752 1272 789 melle
1307 755 1365 788 in-

187 812 359 859 positum
398 809 460 844 vel
504 808 657 844 aridum
692 807 842 843 farinae
881 807 1136 855 inspersum.l
1191 806 1365 842 radicem

188 865 270 899 eius
294 862 493 898 Dieuches
514 867 652 897 contra
672 863 852 897 iocineris
875 873 919 896 ac
942 861 1054 896 lienis
1076 873 1120 895 ac
1141 859 1366 896 lumborum

188 922 230 953 et
265 918 418 952 renium
453 918 549 951 vitia
585 928 633 951 ex
670 927 774 963 aqua
809 914 936 950 mulsa
970 913 1055 950 dari
1091 914 1217 956 iubet,
1253 912 1366 949 Cleo-

188 969 361 1019 phantus
383 974 424 1005 et
444 969 693 1018 dysintericis
715 968 928 1004 veteribus.
985 966 1164 1003 Philistio
1193 969 1233 1002 in
1262 966 1366 1003 lacte

188 1025 323 1072 coquit
343 1028 385 1059 et
405 1022 455 1058 ad
473 1024 739 1070 stranguriam
759 1021 829 1057 dat
848 1020 988 1057 radicis
1010 1023 1142 1056 uncias
1163 1025 1367 1069 quattuor,

189 1090 238 1112 ex
276 1089 379 1125 aqua
415 1075 654 1126 hydropicis,
692 1075 873 1111 similiter
910 1080 952 1110 et
989 1073 1288 1123 opisthotonicis
1326 1079 1368 1110 et

189 1130 404 1179 pleuriticis
441 1135 483 1166 et
518 1128 794 1165 comitialibus.
859 1127 1055 1164 habentes
1086 1140 1174 1163 eam
1204 1126 1309 1164 feriri
1346 1140 1369 1163 a

188 1184 440 1232 serpentibus
471 1188 683 1232 negantur,
704 1187 775 1218 aut
801 1183 866 1230 qui
889 1186 983 1217 ante
1010 1182 1261 1230 gustaverint
1291 1193 1367 1217 non

189 1237 305 1273 laedi.
362 1238 554 1285 percussis
575 1238 778 1284 inponitur
798 1248 887 1271 cum
909 1237 1097 1284 axungia,
1118 1233 1211 1270 folia
1230 1239 1369 1270 contra

190 1290 408 1326 cruditates
440 1289 696 1326 manduntur.
753 1288 936 1337 Orpheus
970 1290 1207 1324 amatorium
1238 1290 1368 1324 inesse

189 1343 417 1393 staphylino
435 1343 550 1386 dixit,
569 1342 745 1379 fortassis
764 1344 951 1391 quoniam
970 1354 1157 1377 venerem
1175 1341 1367 1377 stimulari

190 1396 263 1433 hoc
285 1397 372 1433 cibo
394 1402 547 1433 certum
571 1402 644 1432 est.
699 1396 789 1432 ideo
811 1400 1027 1444 conceptus
1050 1395 1226 1431 adiuvari
1249 1394 1367 1444 aliqui

190 1450 463 1500 prodiderunt.
520 1450 568 1487 ad
597 1450 750 1498 reliqua
778 1455 819 1485 et
839 1451 965 1485 sativa
985 1448 1121 1498 pollet.
1177 1448 1370 1484 efficacior

191 1510 327 1540 tamen
355 1504 542 1540 silvestris
571 1505 778 1552 magisque
806 1505 845 1538 in
874 1504 1041 1551 petrosis
1069 1507 1176 1538 nata.
1231 1514 1369 1538 semen

191 1560 342 1594 sativae
367 1570 526 1607 quoque
550 1562 689 1593 contra
712 1558 962 1604 scorpionum
986 1558 1086 1592 ictus
1112 1568 1160 1592 ex
1186 1557 1275 1591 vino
1299 1560 1370 1592 aut

242 1658 251 1675 ¹
275 1657 388 1688 aridae
415 1657 523 1687 farina
549 1661 619 1695 (aar
646 1664 689 1695 -e)
715 1657 904 1696 inspersum
932 1659 1002 1693 (aar
1026 1661 1110 1693 -am)
1133 1656 1242 1686 codd:
1274 1655 1370 1686 arida

195 1700 472 1782 ἱεὸὲἓαέηἶῐίξῑεᾶ
486 1700 524 1731 Μ
526 1700 642 1740 aykoff
648 1711 655 1730 :
680 1698 735 1730 sed
748 1698 815 1730 vide
829 1697 1006 1738 Campbell,
1017 1697 1176 1730 Classical
1189 1697 1368 1738 Quarterly,

237 1899 251 1955 Ξ
270 1893 336 1967 {Phr
350 1893 508 1977 ῗῖιῗςῗὶεῖὲο
528 1936 610 1967 with
632 1936 749 1967 dative
770 1946 824 1966 see
847 1935 945 1966 XIX.
965 1936 1016 1967 53.
1072 1935 1166 1966 With
1187 1935 1369 1976 Mayhoff’s

193 1981 353 2021 reading:
389 1980 408 1992 “
423 1979 486 2020 dry
507 1979 592 2010 flour
612 1979 739 2019 having
760 1979 843 2009 been
863 1978 1037 2019 sprinkled
1057 1988 1101 2009 on
1122 1978 1184 2009 it.'’

194 2061 240 2085 20
