1469 2299
149 354 190 385 65

151 708 191 736 (56

154 1062 189 1090 451

155 1474 195 1503 68

420 129 615 166 PLINY:
660 130 922 166 NATURAL
956 128 1188 166 HISTORY

218 232 351 268 adicit.
409 231 644 268 utilissima1
680 237 741 268 est
780 231 830 267 ad
868 230 1164 280 conpescendos
1201 230 1391 274 lichenas,

218 290 390 327 furfures
411 303 500 327 cum
523 290 595 326 fico
615 290 795 327 decocta.
850 292 905 325 sic
926 295 967 326 et
988 289 1107 338 lepris
1130 294 1171 325 et
1192 289 1390 326 ulceribus

217 350 474 386 manantibus
493 351 710 398 inponitur.
767 348 982 398 fungorum
1002 353 1172 384 naturae
1193 350 1390 384 contraria

219 414 281 444 est
300 413 411 457 pota,
431 408 502 444 sed
522 410 649 457 magis
670 407 805 444 cruda.
862 407 1066 443 oculorum
1087 406 1390 443 medicamentis

219 472 331 503 cocta
350 472 391 503 et
408 467 489 503 lota
507 469 708 502 miscetur.
764 466 952 502 medetur
969 465 1083 502 inlita
1101 471 1142 501 et
1160 466 1332 502 testibus
1351 471 1391 501 et

217 525 472 575 genitalibus.
529 528 568 561 in
607 528 697 561 vino
737 530 874 561 autem
913 524 1102 560 adversus
1141 527 1388 574 strangurias

218 585 379 621 bibitur.
435 597 525 620 cum
548 586 747 633 expiravit
766 596 942 633 quoque,
962 583 1140 619 lavandis
1163 583 1391 632 corporibus

224 649 265 680 et
286 644 464 679 vestibus
488 643 606 679 utilis.
664 649 760 679 tunc
783 656 898 679 usum
921 645 1079 679 acaciae
1101 641 1237 678 habet.

270 702 442 738 XXXII.
474 702 581 738 Faex
605 704 708 738 aceti
729 715 800 751 pro
821 704 991 737 materia
1013 703 1138 737 acrior
1158 704 1209 737 sit
1230 714 1392 737 necesse

221 767 282 797 est
320 761 529 810 multoque
568 763 695 810 magis
735 760 954 797 exulceret.
1012 763 1162 796 resistit
1200 773 1392 809 suppura-

220 823 373 856 tionum
392 822 666 862 incrementis,
684 818 952 861 stomachum,
969 821 1193 862 interanea,
1211 824 1392 855 ventrem

222 879 333 914 inlita
359 878 534 914 adiuvat.
591 881 695 914 sistit
720 877 1031 914 rheumatismos
1058 890 1194 914 earum
1219 880 1391 926 partium

221 943 261 973 et
318 938 529 973 mulierum
586 951 755 973 menseS.
816 950 938 985 panos
995 936 1158 973 discutit
1215 936 1392 972 nondum

224 996 474 1032 exulceratos
519 1002 561 1032 et
605 999 786 1045 anginas,
830 998 942 1045 ignes
986 1009 1115 1032 sacros
1158 1009 1246 1031 cum
1290 1008 1391 1031 cera.

224 1068 416 1091 mammas
456 1055 570 1091 lactis
611 1058 669 1091 sui
710 1057 955 1104 inpatientes
996 1054 1138 1090 eadem
1178 1056 1393 1104 extinguit,

222 1127 375 1163 ungues
395 1114 553 1150 scabros
569 1113 713 1150 aufert.
759 1127 779 1150 e
797 1114 1051 1162 serpentibus
1066 1118 1203 1150 contra
1218 1118 1392 1149 cerastas

221 1172 460 1209 validissima
480 1186 571 1209 cum
592 1172 770 1222 polenta,
791 1186 881 1208 cum
902 1171 1122 1208 melanthio
1144 1177 1281 1208 autem
1301 1184 1390 1208 con-

222 1238 283 1268 tra
322 1231 504 1268 crocodili
544 1245 697 1268 morsus
738 1237 780 1268 et
821 1234 940 1267 canis.
998 1237 1039 1267 et
1079 1230 1177 1267 haec
1215 1236 1393 1267 cremata

222 1291 388 1339 ampliat
406 1293 520 1327 vires.
576 1296 673 1327 tunc
693 1290 831 1327 addito
851 1290 1061 1326 lentiscino
1079 1289 1167 1326 oleo
1185 1289 1299 1326 inlita
1317 1302 1395 1326 una

223 1355 339 1386 nocte
371 1349 479 1386 rufat
510 1349 709 1399 capillum.
766 1349 909 1386 eadem
941 1362 990 1385 ex
1023 1362 1128 1398 aqua
1158 1351 1198 1385 in
1228 1348 1393 1386 linteolo

223 1408 406 1457 adposita
426 1408 562 1445 vulvas
583 1414 744 1458 purgat.

274 1467 469 1504 XXXIII.
501 1467 630 1517 Sapae
660 1466 773 1504 faece
804 1467 991 1503 ambusta
1020 1472 1226 1510 sanantur,
1255 1466 1395 1503 melius

223 1526 360 1562 addita
394 1527 582 1576 lanugine
617 1525 865 1570 harundinis,
902 1525 1044 1562 eadem
1080 1525 1192 1561 faece
1226 1525 1393 1561 decocta

223 1590 399 1634 potaque
425 1591 554 1622 tusses
579 1591 750 1621 veteres.
807 1585 1048 1634 decoquitur
1071 1587 1111 1620 in
1135 1586 1282 1633 patinis
1306 1597 1395 1620 cum

274 1687 284 1705 ²
310 1688 489 1718 utilissima
516 1691 567 1718 est
590 1698 663 1718 cum
687 1686 714 1717 E
740 1686 924 1728 Detlessen:
959 1686 1157 1717 utilissimae
1180 1685 1209 1716 V
1236 1685 1395 1726 Mayhoffi

227 1730 283 1770 qui
300 1735 369 1771 post
385 1731 490 1761 adicit
505 1740 628 1761 comma
648 1741 706 1770 pro
723 1735 841 1770 puncto
858 1729 977 1770 posuit.

261 1821 278 1865 ‘⁶
301 1816 400 1871 S'ome
426 1816 612 1847 translate:
647 1816 666 1828 ‘⁴
682 1815 802 1847 reduce
829 1815 959 1846 breasts
985 1815 1063 1846 that
1083 1825 1139 1846 are
1159 1814 1293 1846 swollen
1316 1814 1394 1845 with

222 1860 350 1934 mlgkfifff.
378 1901 591 1933 Dioscorides
614 1901 662 1934 II.
683 1903 744 1934 179
762 1902 824 1932 RV
843 1901 1082 1939 (Wellmann):
1106 1899 1289 1941 μελάνθιον·
1314 1899 1345 1931 οἱ
1361 1899 1394 1931 δὲ

223 1946 275 1976 καὶ
306 1949 402 1976 τοῦτο
431 1945 570 1985 μήκωνα
604 1945 716 1984 ἅγριον
752 1944 876 1984 μέλανα
916 1944 1078 1976 καλοῦσιν.
1125 1943 1159 1975 It
1197 1953 1264 1974 was
1297 1943 1393 1974 black

222 1989 383 2025 cummin,
400 1989 449 2029 git
466 1987 611 2028 (Niqella
627 1988 756 2027 sativa).

223 2051 293 2097 453
