1469 2299
149 447 210 478 108

154 767 215 798 109

155 1410 215 1441 110

433 124 628 163 PLINY:
673 125 936 162 NATURAL
968 125 1205 164 HISTORY

236 227 443 271 malaciae,
503 230 693 276 quonjam
751 233 919 278 gustatu
978 234 1140 265 moveat
1199 228 1408 265 infantem.

237 281 429 318 dividitur
459 281 610 317 malum
642 281 889 330 caelestique
922 295 1027 330 aqua
1058 282 1254 318 madescit
1286 285 1410 318 ternis

238 334 322 370 fere
375 334 528 371 diebus.
584 334 684 371 haee
734 335 887 371 bibitur
937 334 1084 385 frigida
1134 335 1316 372 coeliacis
1369 341 1411 372 et

238 390 476 437 sanguinem
497 389 792 425 excreantibus.

290 441 438 477 LVIII.
470 441 530 477 Ex
591 442 734 478 acerbo
794 441 840 478 fit
897 441 1240 478 medicamentum
1301 442 1408 491 quod

238 497 450 531 stomatice
482 500 661 539 vocatur,
693 495 949 532 utilissimum
981 498 1057 532 oris
1090 498 1209 539 vitiis,
1242 498 1411 538 narium,

238 551 408 586 aurium.
433 548 636 585 oculorum
665 548 838 598 caligini,
862 552 1072 598 pterygiis,
1097 549 1340 598 genitalibus
1370 555 1413 585 et

241 604 285 637 iis
300 615 398 650 quas
413 615 550 638 nomas
564 607 709 638 vocant
723 608 765 638 et
779 615 883 651 quae
896 605 937 638 in
950 603 1148 639 ulceribus
1163 608 1413 646 excrescunt,

240 661 379 691 contra
400 655 579 704 leporem
598 658 797 692 marinum
817 655 891 692 hoc
911 656 1052 692 modo:
1088 658 1209 692 acinis
1230 656 1413 692 detracto

240 711 387 744 cortice
403 711 530 745 tunsis
548 721 723 758 sucoque
740 709 908 745 decocto
923 709 972 745 ad
988 712 1130 745 tertias
1147 723 1237 745 cum
1254 712 1355 746 croci
1373 716 1414 747 et

244 765 428 798 aluminis
447 765 571 805 scissi,
584 775 758 805 murrae,
776 762 904 798 mellis
924 764 1051 799 Attici
1071 763 1237 799 selibris.
1287 763 1351 799 alii
1373 768 1413 799 et

240 815 313 852 hoc
340 816 459 852 modo
486 815 662 853 faciunt:
704 819 850 865 punica
877 816 990 852 acida
1018 816 1145 852 multa
1172 816 1413 859 tunduntur,

239 882 355 905 sucus
384 872 423 905 in
454 870 601 906 cacabo
635 883 737 906 novo
771 872 956 918 coquitur
990 869 1117 906 mellis
1151 869 1414 906 crassitudine

242 923 292 959 ad
329 923 529 959 virilitatis
567 928 609 959 et
646 923 750 959 sedis
788 926 885 959 vitia
923 929 964 959 et
1001 926 1135 959 omnia
1172 936 1275 972 quae
1312 923 1414 973 lycio

241 982 445 1020 curantur,
481 989 596 1013 aures
631 976 881 1025 purulentas,
917 976 1128 1026 epiphoras
1162 979 1415 1026 incipientes,

240 1030 380 1066 rubras
410 1030 586 1066 maculas
617 1032 657 1066 in
687 1031 883 1066 manibus.
940 1033 1039 1066 rami
1069 1032 1306 1079 punicorum
1335 1043 1415 1066 ser-

239 1089 385 1132 pentes
423 1083 580 1133 fugant.
654 1086 801 1120 cortice
840 1086 974 1132 punici
1014 1096 1063 1120 ex
1102 1086 1193 1120 vino
1231 1085 1333 1120 cocti
1372 1088 1415 1120 et

243 1139 405 1185 inpositi
457 1140 669 1186 perniones
723 1136 947 1173 sanantur}
1001 1142 1215 1173 contusum
1265 1137 1416 1173 malum

242 1203 291 1226 ex
308 1191 435 1227 tribus
450 1189 619 1226 heminis
635 1193 716 1226 vini
731 1190 944 1227 decoctum
960 1190 1011 1227 ad
1025 1190 1228 1227 heminam
1243 1193 1416 1227 tormina

242 1250 283 1280 et
311 1246 466 1280 taenias
494 1244 620 1293 pellit.
676 1246 866 1293 punicum
893 1247 934 1280 in
961 1244 1038 1280 olla
1064 1257 1180 1288 nova,
1207 1244 1416 1294 coperculo

241 1298 369 1340 inlito,
395 1300 434 1333 in
460 1297 576 1334 furno
603 1304 792 1334 exustum
818 1303 860 1334 et
885 1300 1104 1334 contritum
1127 1303 1352 1347 potumque
1376 1300 1417 1334 in

243 1354 334 1387 vino
352 1353 458 1387 sistit
478 1351 624 1395 alvum,
643 1351 807 1388 discutit
827 1354 1011 1388 tormina.

292 1404 398 1441 LIX.
430 1403 586 1441 Primus
605 1407 714 1454 pomi
733 1404 850 1441 huius
869 1410 1008 1454 partus
1028 1403 1171 1442 florere
1190 1407 1416 1454 incipientis

243 1461 401 1508 cytinus
448 1464 614 1495 vocatur
661 1471 684 1494 a
731 1458 908 1502 Graecis,
955 1461 1081 1495 mirae
1127 1459 1416 1495 observationis

242 1512 460 1548 multorum
478 1514 770 1562 experimento.
827 1515 858 1548 si
875 1514 963 1562 quis
980 1525 1104 1549 unum
1122 1525 1171 1548 ex
1188 1511 1248 1548 his
1264 1512 1417 1549 solutus

291 1614 302 1632 ¹
327 1615 450 1645 cortice
482 1638 490 1646 .
517 1638 524 1645 .
550 1638 558 1646 .
590 1619 755 1645 sanantur
793 1615 894 1651 codd.¹
934 1613 1120 1656 Detlessen:
1168 1615 1309 1646 cortices
1340 1638 1348 1646 .
1374 1639 1383 1647 .
1407 1638 1416 1647 .

243 1661 367 1688 sanant
382 1657 403 1688 I
405 1669 432 1689 o.
450 1657 584 1693 Μ’ῐὶῑῑεν,
603 1657 765 1698 Mayhoff.

284 1781 298 1837 ἶ
322 1777 341 1789 “
356 1776 477 1807 Mouth
495 1776 695 1808 medicine.”

286 1867 298 1881 ο
321 1819 382 1893 Ξὲἶ
397 1830 497 1901 Ifiili}
516 1863 603 1908 155..

281 1899 295 1919 ὖ
321 1900 537 1932 Buck-thorn
555 1911 656 1941 Jume,
676 1901 717 1933 ef.
737 1902 835 1934 Book
852 1902 984 1934 XXIV.
1006 1904 1066 1934 124
1081 1904 1116 1935 ff.

235 1985 252 2017 f
279 1948 290 1961 ἓ
317 1943 504 1998 Obsf’rmtio
538 1955 646 1975 seems
680 1945 759 1976 here
793 1949 830 1977 to
866 1946 906 1976 be
941 1950 1108 1984 concrete,
1143 1957 1186 1978 an
1223 1947 1422 1979 “observed

250 1990 378 2017 cature.

232 2048 305 2092 486
