<?xml version="1.0" encoding="UTF-8"?>
<!DOCTYPE html PUBLIC "-//W3C//DTD XHTML 1.0 Transitional//EN"
    "http://www.w3.org/TR/xhtml1/DTD/xhtml1-transitional.dtd">
<html xmlns="http://www.w3.org/1999/xhtml" xml:lang="en" lang="en">
 <head>
  <title>
</title>
<meta http-equiv="Content-Type" content="text/html;charset=utf-8" />
  <meta name='ocr-system' content='tesseract 3.04.00' />
  <meta name='ocr-capabilities' content='ocr_page ocr_carea ocr_par ocr_line ocrx_word'/>
</head>
<body>
  <div class='ocr_page' id='page_1' title='image "./naturalhistory06plinuoft_0464.png"; bbox 0 0 1469 2299; ppageno 0'>
   <div class='ocr_carea' id='block_1_1' title="bbox 162 262 204 292">
    <p class='ocr_par' dir='ltr' id='par_1_1' title="bbox 162 262 204 292">
     <span class='ocr_line' id='line_1_1' title="bbox 162 262 204 292; baseline -0.024 0"><span class='ocrx_word' id='word_1_1' title='bbox 162 262 204 292; x_wconf 90' lang='lat'>30</span> 
     </span>
    </p>
   </div>
   <div class='ocr_carea' id='block_1_2' title="bbox 166 688 203 718">
    <p class='ocr_par' dir='ltr' id='par_1_2' title="bbox 166 688 203 718">
     <span class='ocr_line' id='line_1_2' title="bbox 166 688 203 718; baseline 0 0"><span class='ocrx_word' id='word_1_2' title='bbox 166 688 203 718; x_wconf 87' lang='grc'>31</span> 
     </span>
    </p>
   </div>
   <div class='ocr_carea' id='block_1_3' title="bbox 168 1063 210 1094">
    <p class='ocr_par' dir='ltr' id='par_1_3' title="bbox 168 1063 210 1094">
     <span class='ocr_line' id='line_1_3' title="bbox 168 1063 210 1094; baseline -0.048 0"><span class='ocrx_word' id='word_1_3' title='bbox 168 1063 210 1094; x_wconf 88' lang='grc'>32</span> 
     </span>
    </p>
   </div>
   <div class='ocr_carea' id='block_1_4' title="bbox 432 152 1203 192">
    <p class='ocr_par' dir='ltr' id='par_1_4' title="bbox 432 152 1203 192">
     <span class='ocr_line' id='line_1_4' title="bbox 432 152 1203 192; baseline 0.004 -3"><span class='ocrx_word' id='word_1_4' title='bbox 432 152 626 190; x_wconf 79' lang='lat' dir='ltr'>PLINY:</span> <span class='ocrx_word' id='word_1_5' title='bbox 674 152 934 191; x_wconf 88' lang='lat' dir='ltr'><strong>NATURAL</strong></span> <span class='ocrx_word' id='word_1_6' title='bbox 969 153 1203 192; x_wconf 89' lang='lat' dir='ltr'>HISTORY</span> 
     </span>
    </p>
   </div>
   <div class='ocr_carea' id='block_1_5' title="bbox 231 254 1414 1428">
    <p class='ocr_par' dir='ltr' id='par_1_5' title="bbox 231 254 1409 666">
     <span class='ocr_line' id='line_1_5' title="bbox 231 254 1406 307; baseline 0.001 -15"><span class='ocrx_word' id='word_1_7' title='bbox 231 261 273 292; x_wconf 88' lang='lat' dir='ltr'>et</span> <span class='ocrx_word' id='word_1_8' title='bbox 308 254 599 292; x_wconf 79' lang='lat' dir='ltr'>salamandrae.</span> <span class='ocrx_word' id='word_1_9' title='bbox 656 257 798 305; x_wconf 85' lang='lat' dir='ltr'>capitis</span> <span class='ocrx_word' id='word_1_10' title='bbox 834 255 990 293; x_wconf 90' lang='lat' dir='ltr'>dolores</span> <span class='ocrx_word' id='word_1_11' title='bbox 1026 256 1136 300; x_wconf 83' lang='lat' dir='ltr'>facit,</span> <span class='ocrx_word' id='word_1_12' title='bbox 1173 262 1216 293; x_wconf 88' lang='lat' dir='ltr'>et</span> <span class='ocrx_word' id='word_1_13' title='bbox 1251 259 1406 307; x_wconf 87' lang='lat' dir='ltr'>gutturi</span> 
     </span>
     <span class='ocr_line' id='line_1_6' title="bbox 232 308 1408 357; baseline 0.003 -13"><span class='ocrx_word' id='word_1_14' title='bbox 232 308 389 351; x_wconf 87' lang='lat' dir='ltr'>inutile,</span> <span class='ocrx_word' id='word_1_15' title='bbox 437 309 602 357; x_wconf 88' lang='lat' dir='ltr'>prodest</span> <span class='ocrx_word' id='word_1_16' title='bbox 650 310 826 353; x_wconf 84' lang='lat' dir='ltr'>renibus,</span> <span class='ocrx_word' id='word_1_17' title='bbox 874 312 1035 346; x_wconf 91' lang='lat' dir='ltr'>iocineri</span> <span class='ocrx_word' id='word_1_18' title='bbox 1085 315 1127 346; x_wconf 90' lang='lat' dir='ltr'>et</span> <span class='ocrx_word' id='word_1_19' title='bbox 1175 312 1408 353; x_wconf 80' lang='lat' dir='ltr'>interaneis,</span> 
     </span>
     <span class='ocr_line' id='line_1_7' title="bbox 232 362 1408 413; baseline 0.002 -15"><span class='ocrx_word' id='word_1_20' title='bbox 232 364 403 405; x_wconf 77' lang='lat' dir='ltr'>vesicae,</span> <span class='ocrx_word' id='word_1_21' title='bbox 417 362 602 399; x_wconf 80' lang='lat' dir='ltr'>conlevat</span> <span class='ocrx_word' id='word_1_22' title='bbox 617 365 723 398; x_wconf 86' lang='lat' dir='ltr'>enirn</span> <span class='ocrx_word' id='word_1_23' title='bbox 738 375 798 399; x_wconf 84' lang='lat' dir='ltr'>ea.</span> <span class='ocrx_word' id='word_1_24' title='bbox 830 365 1018 412; x_wconf 87' lang='lat' dir='ltr'>privatim</span> <span class='ocrx_word' id='word_1_25' title='bbox 1031 369 1171 400; x_wconf 86' lang='lat' dir='ltr'>contra</span> <span class='ocrx_word' id='word_1_26' title='bbox 1183 364 1408 413; x_wconf 80' lang='lat' dir='ltr'>buprestim</span> 
     </span>
     <span class='ocr_line' id='line_1_8' title="bbox 235 415 1408 466; baseline 0.003 -15"><span class='ocrx_word' id='word_1_27' title='bbox 235 415 356 458; x_wconf 87' lang='lat' dir='ltr'>valet,</span> <span class='ocrx_word' id='word_1_28' title='bbox 411 421 551 452; x_wconf 87' lang='lat' dir='ltr'>contra</span> <span class='ocrx_word' id='word_1_29' title='bbox 605 419 847 459; x_wconf 88' lang='lat' dir='ltr'>meconium,</span> <span class='ocrx_word' id='word_1_30' title='bbox 902 416 1016 453; x_wconf 86' lang='lat' dir='ltr'>lactis</span> <span class='ocrx_word' id='word_1_31' title='bbox 1071 417 1408 466; x_wconf 85' lang='lat' dir='ltr'>coagulationem,</span> 
     </span>
     <span class='ocr_line' id='line_1_9' title="bbox 233 469 1405 519; baseline 0.002 -14"><span class='ocrx_word' id='word_1_32' title='bbox 233 471 420 512; x_wconf 89' lang='lat' dir='ltr'>cicutam,</span> <span class='ocrx_word' id='word_1_33' title='bbox 447 471 594 512; x_wconf 83' lang='lat' dir='ltr'>toxica,</span> <span class='ocrx_word' id='word_1_34' title='bbox 621 469 870 519; x_wconf 72' lang='lat' dir='ltr'>dorycnium,</span> <span class='ocrx_word' id='word_1_35' title='bbox 898 483 947 506; x_wconf 85' lang='lat' dir='ltr'>ex</span> <span class='ocrx_word' id='word_1_36' title='bbox 975 470 1063 507; x_wconf 92' lang='lat' dir='ltr'>oleo</span> <span class='ocrx_word' id='word_1_37' title='bbox 1090 476 1231 519; x_wconf 91' lang='lat' dir='ltr'>potum</span> <span class='ocrx_word' id='word_1_38' title='bbox 1258 470 1405 507; x_wconf 86' lang='lat' dir='ltr'>reddit-</span> 
     </span>
     <span class='ocr_line' id='line_1_10' title="bbox 235 523 1409 571; baseline 0.002 -13"><span class='ocrx_word' id='word_1_39' title='bbox 235 535 382 571; x_wconf 90' lang='lat' dir='ltr'>umque</span> <span class='ocrx_word' id='word_1_40' title='bbox 418 524 711 560; x_wconf 86' lang='lat' dir='ltr'>vomitionibus.</span> <span class='ocrx_word' id='word_1_41' title='bbox 784 523 833 560; x_wconf 91' lang='lat' dir='ltr'>ad</span> <span class='ocrx_word' id='word_1_42' title='bbox 869 526 1001 560; x_wconf 90' lang='lat' dir='ltr'>omnia</span> <span class='ocrx_word' id='word_1_43' title='bbox 1036 524 1226 560; x_wconf 88' lang='lat' dir='ltr'>infirmius</span> <span class='ocrx_word' id='word_1_44' title='bbox 1262 524 1409 567; x_wconf 90' lang='lat' dir='ltr'>album,</span> 
     </span>
     <span class='ocr_line' id='line_1_11' title="bbox 233 576 1408 627; baseline 0.002 -15"><span class='ocrx_word' id='word_1_45' title='bbox 233 576 440 613; x_wconf 89' lang='lat' dir='ltr'>iucundius</span> <span class='ocrx_word' id='word_1_46' title='bbox 470 578 572 625; x_wconf 84' lang='lat' dir='ltr'>passi</span> <span class='ocrx_word' id='word_1_47' title='bbox 619 582 810 619; x_wconf 85' lang='lat' dir='ltr'>mustum,</span> <span class='ocrx_word' id='word_1_48' title='bbox 840 582 883 613; x_wconf 88' lang='lat' dir='ltr'>et</span> <span class='ocrx_word' id='word_1_49' title='bbox 910 577 1017 627; x_wconf 89' lang='lat' dir='ltr'>quod</span> <span class='ocrx_word' id='word_1_50' title='bbox 1046 579 1238 614; x_wconf 85' lang='lat' dir='ltr'>minorem</span> <span class='ocrx_word' id='word_1_51' title='bbox 1268 579 1408 627; x_wconf 88' lang='lat' dir='ltr'>capitis</span> 
     </span>
     <span class='ocr_line' id='line_1_12' title="bbox 233 629 598 666; baseline 0 -1"><span class='ocrx_word' id='word_1_52' title='bbox 233 629 408 666; x_wconf 88' lang='lat' dir='ltr'>dolorem</span> <span class='ocrx_word' id='word_1_53' title='bbox 429 629 598 666; x_wconf 83' lang='lat' dir='ltr'>adferat.</span> 
     </span>
    </p>

    <p class='ocr_par' dir='ltr' id='par_1_6' title="bbox 236 682 1414 1428">
     <span class='ocr_line' id='line_1_13' title="bbox 290 682 1408 733; baseline 0.002 -15"><span class='ocrx_word' id='word_1_54' title='bbox 290 683 400 719; x_wconf 84' lang='lat' dir='ltr'>XIX.</span> <span class='ocrx_word' id='word_1_55' title='bbox 432 683 520 719; x_wconf 76' lang='lat' dir='ltr'>Vini</span> <span class='ocrx_word' id='word_1_56' title='bbox 535 696 686 733; x_wconf 86' lang='lat' dir='ltr'>genera</span> <span class='ocrx_word' id='word_1_57' title='bbox 703 682 1032 733; x_wconf 85' lang='lat' dir='ltr'>differentiasque</span> <span class='ocrx_word' id='word_1_58' title='bbox 1050 697 1244 733; x_wconf 87' lang='lat' dir='ltr'>perquam</span> <span class='ocrx_word' id='word_1_59' title='bbox 1261 684 1408 720; x_wconf 85' lang='lat' dir='ltr'>multas</span> 
     </span>
     <span class='ocr_line' id='line_1_14' title="bbox 236 736 1408 787; baseline 0.002 -15"><span class='ocrx_word' id='word_1_60' title='bbox 236 739 492 785; x_wconf 76' lang='lat' dir='ltr'>exposuimus</span> <span class='ocrx_word' id='word_1_61' title='bbox 525 743 567 773; x_wconf 91' lang='lat' dir='ltr'>et</span> <span class='ocrx_word' id='word_1_62' title='bbox 597 736 681 773; x_wconf 88' lang='lat' dir='ltr'>fere</span> <span class='ocrx_word' id='word_1_63' title='bbox 713 739 905 786; x_wconf 91' lang='lat' dir='ltr'>cuiusque</span> <span class='ocrx_word' id='word_1_64' title='bbox 937 740 1219 787; x_wconf 86' lang='lat' dir='ltr'>proprietates.</span> <span class='ocrx_word' id='word_1_65' title='bbox 1276 750 1408 787; x_wconf 90' lang='lat' dir='ltr'>neque</span> 
     </span>
     <span class='ocr_line' id='line_1_15' title="bbox 237 790 1408 839; baseline 0.001 -13"><span class='ocrx_word' id='word_1_66' title='bbox 237 796 298 826; x_wconf 77' lang='lat' dir='ltr'>est</span> <span class='ocrx_word' id='word_1_67' title='bbox 341 790 419 826; x_wconf 85' lang='lat' dir='ltr'>ulla</span> <span class='ocrx_word' id='word_1_68' title='bbox 462 803 553 839; x_wconf 89' lang='lat' dir='ltr'>pars</span> <span class='ocrx_word' id='word_1_69' title='bbox 594 790 786 827; x_wconf 88' lang='lat' dir='ltr'>difficilior</span> <span class='ocrx_word' id='word_1_70' title='bbox 826 796 1006 827; x_wconf 85' lang='lat' dir='ltr'>tractatu</span> <span class='ocrx_word' id='word_1_71' title='bbox 1047 796 1118 827; x_wconf 86' lang='lat' dir='ltr'>aut</span> <span class='ocrx_word' id='word_1_72' title='bbox 1159 794 1408 828; x_wconf 86' lang='lat' dir='ltr'>numerosior</span> 
     </span>
     <span class='ocr_line' id='line_1_16' title="bbox 238 844 1412 894; baseline 0.002 -15"><span class='ocrx_word' id='word_1_73' title='bbox 238 846 388 893; x_wconf 88' lang='lat' dir='ltr'>quippe</span> <span class='ocrx_word' id='word_1_74' title='bbox 418 857 507 880; x_wconf 92' lang='lat' dir='ltr'>cum</span> <span class='ocrx_word' id='word_1_75' title='bbox 544 846 596 880; x_wconf 91' lang='lat' dir='ltr'>sit</span> <span class='ocrx_word' id='word_1_76' title='bbox 632 844 800 881; x_wconf 87' lang='lat' dir='ltr'>arduum</span> <span class='ocrx_word' id='word_1_77' title='bbox 837 844 948 881; x_wconf 90' lang='lat' dir='ltr'>dictu</span> <span class='ocrx_word' id='word_1_78' title='bbox 985 844 1165 893; x_wconf 85' lang='lat' dir='ltr'>pluribus</span> <span class='ocrx_word' id='word_1_79' title='bbox 1201 847 1327 894; x_wconf 89' lang='lat' dir='ltr'>prosit</span> <span class='ocrx_word' id='word_1_80' title='bbox 1362 858 1412 881; x_wconf 88' lang='lat' dir='ltr'>an</span> 
     </span>
     <span class='ocr_line' id='line_1_17' title="bbox 239 900 1413 948; baseline 0.001 -15"><span class='ocrx_word' id='word_1_81' title='bbox 239 903 394 933; x_wconf 83' lang='lat' dir='ltr'>noceat.</span> <span class='ocrx_word' id='word_1_82' title='bbox 451 903 665 946; x_wconf 87' lang='lat' dir='ltr'>praeterea</span> <span class='ocrx_word' id='word_1_83' title='bbox 707 911 828 947; x_wconf 88' lang='lat' dir='ltr'>quam</span> <span class='ocrx_word' id='word_1_84' title='bbox 872 900 1035 947; x_wconf 90' lang='lat' dir='ltr'>ancipiti</span> <span class='ocrx_word' id='word_1_85' title='bbox 1080 904 1229 935; x_wconf 90' lang='lat' dir='ltr'>eventu</span> <span class='ocrx_word' id='word_1_86' title='bbox 1272 903 1413 948; x_wconf 90' lang='lat' dir='ltr'>potum</span> 
     </span>
     <span class='ocr_line' id='line_1_18' title="bbox 237 951 1414 988; baseline 0.001 -1"><span class='ocrx_word' id='word_1_87' title='bbox 237 953 375 987; x_wconf 84' lang='lat' dir='ltr'>statim</span> <span class='ocrx_word' id='word_1_88' title='bbox 396 951 589 987; x_wconf 87' lang='lat' dir='ltr'>auxilium</span> <span class='ocrx_word' id='word_1_89' title='bbox 610 951 655 987; x_wconf 87' lang='lat' dir='ltr'>fit</span> <span class='ocrx_word' id='word_1_90' title='bbox 676 957 746 988; x_wconf 90' lang='lat' dir='ltr'>aut</span> <span class='ocrx_word' id='word_1_91' title='bbox 766 952 988 988; x_wconf 89' lang='lat' dir='ltr'>venenum!</span> <span class='ocrx_word' id='word_1_92' title='bbox 1025 954 1177 988; x_wconf 88' lang='lat' dir='ltr'>etenim</span> <span class='ocrx_word' id='word_1_93' title='bbox 1197 951 1249 988; x_wconf 91' lang='lat' dir='ltr'>de</span> <span class='ocrx_word' id='word_1_94' title='bbox 1269 957 1414 988; x_wconf 88' lang='lat' dir='ltr'>natura</span> 
     </span>
     <span class='ocr_line' id='line_1_19' title="bbox 239 1004 1410 1054; baseline 0.001 -14"><span class='ocrx_word' id='word_1_95' title='bbox 239 1004 288 1041; x_wconf 86' lang='lat' dir='ltr'>ad</span> <span class='ocrx_word' id='word_1_96' title='bbox 334 1004 514 1041; x_wconf 87' lang='lat' dir='ltr'>remedia</span> <span class='ocrx_word' id='word_1_97' title='bbox 560 1010 722 1041; x_wconf 80' lang='lat' dir='ltr'>tantum</span> <span class='ocrx_word' id='word_1_98' title='bbox 768 1007 1001 1054; x_wconf 89' lang='lat' dir='ltr'>pertinente</span> <span class='ocrx_word' id='word_1_99' title='bbox 1047 1018 1152 1042; x_wconf 91' lang='lat' dir='ltr'>nunc</span> <span class='ocrx_word' id='word_1_100' title='bbox 1198 1005 1410 1054; x_wconf 87' lang='lat' dir='ltr'>loquimur.</span> 
     </span>
     <span class='ocr_line' id='line_1_20' title="bbox 241 1058 1414 1107; baseline 0.001 -13"><span class='ocrx_word' id='word_1_101' title='bbox 241 1072 364 1094; x_wconf 90' lang='lat' dir='ltr'>unum</span> <span class='ocrx_word' id='word_1_102' title='bbox 396 1058 446 1094; x_wconf 91' lang='lat' dir='ltr'>de</span> <span class='ocrx_word' id='word_1_103' title='bbox 479 1058 612 1095; x_wconf 90' lang='lat' dir='ltr'>dando</span> <span class='ocrx_word' id='word_1_104' title='bbox 645 1071 692 1095; x_wconf 92' lang='lat' dir='ltr'>eo</span> <span class='ocrx_word' id='word_1_105' title='bbox 724 1058 909 1095; x_wconf 90' lang='lat' dir='ltr'>volumen</span> <span class='ocrx_word' id='word_1_106' title='bbox 942 1058 1201 1107; x_wconf 85' lang='lat' dir='ltr'>Asclepiades</span> <span class='ocrx_word' id='word_1_107' title='bbox 1234 1058 1414 1095; x_wconf 83' lang='lat' dir='ltr'>condidit</span> 
     </span>
     <span class='ocr_line' id='line_1_21' title="bbox 239 1111 1413 1161; baseline 0.001 -14"><span class='ocrx_word' id='word_1_108' title='bbox 239 1112 289 1147; x_wconf 91' lang='lat' dir='ltr'>ab</span> <span class='ocrx_word' id='word_1_109' title='bbox 312 1125 359 1148; x_wconf 92' lang='lat' dir='ltr'>eo</span> <span class='ocrx_word' id='word_1_110' title='bbox 380 1111 716 1161; x_wconf 85' lang='lat' dir='ltr'>cognominatus,¹</span> <span class='ocrx_word' id='word_1_111' title='bbox 741 1115 808 1161; x_wconf 88' lang='lat' dir='ltr'>qui</span> <span class='ocrx_word' id='word_1_112' title='bbox 832 1125 925 1149; x_wconf 90' lang='lat' dir='ltr'>vero</span> <span class='ocrx_word' id='word_1_113' title='bbox 948 1112 1117 1161; x_wconf 87' lang='lat' dir='ltr'>postea²</span> <span class='ocrx_word' id='word_1_114' title='bbox 1141 1112 1192 1149; x_wconf 91' lang='lat' dir='ltr'>de</span> <span class='ocrx_word' id='word_1_115' title='bbox 1214 1112 1413 1149; x_wconf 88' lang='lat' dir='ltr'>volumine</span> 
     </span>
     <span class='ocr_line' id='line_1_22' title="bbox 239 1165 1414 1216; baseline 0.001 -15"><span class='ocrx_word' id='word_1_116' title='bbox 239 1165 304 1201; x_wconf 91' lang='lat' dir='ltr'>illo</span> <span class='ocrx_word' id='word_1_117' title='bbox 319 1165 543 1202; x_wconf 86' lang='lat' dir='ltr'>disseruere</span> <span class='ocrx_word' id='word_1_118' title='bbox 558 1165 798 1202; x_wconf 79' lang='lat' dir='ltr'>innumera.³</span> <span class='ocrx_word' id='word_1_119' title='bbox 841 1179 911 1202; x_wconf 89' lang='lat' dir='ltr'>nos</span> <span class='ocrx_word' id='word_1_120' title='bbox 925 1168 1003 1202; x_wconf 86' lang='lat' dir='ltr'>ista</span> <span class='ocrx_word' id='word_1_121' title='bbox 1018 1165 1198 1202; x_wconf 85' lang='lat' dir='ltr'>Romana</span> <span class='ocrx_word' id='word_1_122' title='bbox 1212 1168 1414 1216; x_wconf 89' lang='lat' dir='ltr'>gravitate</span> 
     </span>
     <span class='ocr_line' id='line_1_23' title="bbox 242 1219 1414 1268; baseline 0.001 -13"><span class='ocrx_word' id='word_1_123' title='bbox 242 1221 471 1268; x_wconf 89' lang='lat' dir='ltr'>artiumque</span> <span class='ocrx_word' id='word_1_124' title='bbox 498 1219 722 1256; x_wconf 89' lang='lat' dir='ltr'>liberalium</span> <span class='ocrx_word' id='word_1_125' title='bbox 746 1219 983 1268; x_wconf 84' lang='lat' dir='ltr'>adpetentia</span> <span class='ocrx_word' id='word_1_126' title='bbox 1006 1233 1085 1256; x_wconf 90' lang='lat' dir='ltr'>non</span> <span class='ocrx_word' id='word_1_127' title='bbox 1108 1224 1154 1256; x_wconf 92' lang='lat' dir='ltr'>ut</span> <span class='ocrx_word' id='word_1_128' title='bbox 1176 1219 1320 1256; x_wconf 91' lang='lat' dir='ltr'>medici</span> <span class='ocrx_word' id='word_1_129' title='bbox 1343 1219 1414 1256; x_wconf 90' lang='lat' dir='ltr'>sed</span> 
     </span>
     <span class='ocr_line' id='line_1_24' title="bbox 240 1272 1406 1323; baseline 0.001 -15"><span class='ocrx_word' id='word_1_130' title='bbox 240 1278 285 1308; x_wconf 93' lang='lat' dir='ltr'>ut</span> <span class='ocrx_word' id='word_1_131' title='bbox 307 1272 456 1309; x_wconf 88' lang='lat' dir='ltr'>indices</span> <span class='ocrx_word' id='word_1_132' title='bbox 479 1272 617 1309; x_wconf 84' lang='lat' dir='ltr'>salutis</span> <span class='ocrx_word' id='word_1_133' title='bbox 640 1272 840 1309; x_wconf 87' lang='lat' dir='ltr'>humanae</span> <span class='ocrx_word' id='word_1_134' title='bbox 863 1273 1079 1323; x_wconf 85' lang='lat' dir='ltr'>diligenter</span> <span class='ocrx_word' id='word_1_135' title='bbox 1100 1272 1406 1323; x_wconf 82' lang='lat' dir='ltr'>distinguemus.</span> 
     </span>
     <span class='ocr_line' id='line_1_25' title="bbox 239 1326 1408 1376; baseline 0.001 -14"><span class='ocrx_word' id='word_1_136' title='bbox 239 1326 290 1362; x_wconf 93' lang='lat' dir='ltr'>de</span> <span class='ocrx_word' id='word_1_137' title='bbox 317 1327 533 1376; x_wconf 87' lang='lat' dir='ltr'>generibus</span> <span class='ocrx_word' id='word_1_138' title='bbox 560 1326 724 1376; x_wconf 87' lang='lat' dir='ltr'>singulis</span> <span class='ocrx_word' id='word_1_139' title='bbox 753 1326 948 1363; x_wconf 88' lang='lat' dir='ltr'>disserere</span> <span class='ocrx_word' id='word_1_140' title='bbox 975 1329 1202 1363; x_wconf 84' lang='lat' dir='ltr'>inmensum</span> <span class='ocrx_word' id='word_1_141' title='bbox 1230 1332 1272 1363; x_wconf 88' lang='lat' dir='ltr'>et</span> <span class='ocrx_word' id='word_1_142' title='bbox 1297 1328 1408 1363; x_wconf 85' lang='lat' dir='ltr'>inex-</span> 
     </span>
     <span class='ocr_line' id='line_1_26' title="bbox 240 1380 1282 1428; baseline 0.001 -13"><span class='ocrx_word' id='word_1_143' title='bbox 240 1380 424 1428; x_wconf 85' lang='lat' dir='ltr'>plicabile</span> <span class='ocrx_word' id='word_1_144' title='bbox 445 1385 506 1416; x_wconf 89' lang='lat' dir='ltr'>est</span> <span class='ocrx_word' id='word_1_145' title='bbox 526 1380 772 1417; x_wconf 90' lang='lat' dir='ltr'>discordibus</span> <span class='ocrx_word' id='word_1_146' title='bbox 792 1380 1038 1417; x_wconf 90' lang='lat' dir='ltr'>medicorum</span> <span class='ocrx_word' id='word_1_147' title='bbox 1057 1382 1282 1417; x_wconf 90' lang='lat' dir='ltr'>sententiis.</span> 
     </span>
    </p>
   </div>
   <div class='ocr_carea' id='block_1_6' title="bbox 270 1493 1034 1533">
    <p class='ocr_par' dir='ltr' id='par_1_7' title="bbox 270 1493 1034 1533">
     <span class='ocr_line' id='line_1_27' title="bbox 270 1493 1034 1533; baseline 0 -10"><span class='ocrx_word' id='word_1_148' title='bbox 270 1494 280 1512; x_wconf 89' lang='lat'>¹</span> <span class='ocrx_word' id='word_1_149' title='bbox 307 1493 581 1533; x_wconf 74' lang='lat' dir='ltr'>cognominatus,</span> <span class='ocrx_word' id='word_1_150' title='bbox 602 1495 703 1529; x_wconf 84' lang='lat' dir='ltr'>-tum,</span> <span class='ocrx_word' id='word_1_151' title='bbox 723 1493 793 1530; x_wconf 80' lang='lat' dir='ltr'>-tis,</span> <span class='ocrx_word' id='word_1_152' title='bbox 811 1493 900 1524; x_wconf 84' lang='lat' dir='ltr'>codd.</span> <span class='ocrx_word' id='word_1_153' title='bbox 920 1497 947 1523; x_wconf 77' lang='lat' dir='ltr'>et</span> <span class='ocrx_word' id='word_1_154' title='bbox 965 1493 1034 1524; x_wconf 73' lang='lat' dir='ltr'>edd.</span> 
     </span>
    </p>
   </div>
   <div class='ocr_carea' id='block_1_7' title="bbox 232 1535 1418 1619">
    <p class='ocr_par' dir='ltr' id='par_1_8' title="bbox 232 1535 1418 1619">
     <span class='ocr_line' id='line_1_28' title="bbox 270 1535 1418 1577; baseline 0.002 -11"><span class='ocrx_word' id='word_1_155' title='bbox 270 1536 281 1554; x_wconf 92' lang='lat'>²</span> <span class='ocrx_word' id='word_1_156' title='bbox 306 1547 386 1566; x_wconf 82' lang='lat' dir='ltr'>vero</span> <span class='ocrx_word' id='word_1_157' title='bbox 410 1539 530 1576; x_wconf 73' lang='lat' dir='ltr'>postea</span> <span class='ocrx_word' id='word_1_158' title='bbox 555 1536 583 1566; x_wconf 91' lang='lat' dir='ltr'>E</span> <span class='ocrx_word' id='word_1_159' title='bbox 607 1535 787 1576; x_wconf 74' lang='lat' dir='ltr'>Detlefsen:</span> <span class='ocrx_word' id='word_1_160' title='bbox 824 1540 946 1576; x_wconf 78' lang='lat' dir='ltr'>postea</span> <span class='ocrx_word' id='word_1_161' title='bbox 968 1546 1049 1567; x_wconf 88' lang='lat' dir='ltr'>vero</span> <span class='ocrx_word' id='word_1_162' title='bbox 1071 1535 1125 1568; x_wconf 91' lang='lat' dir='ltr'>Vd</span> <span class='ocrx_word' id='word_1_163' title='bbox 1147 1535 1262 1576; x_wconf 74' lang='lat' dir='ltr'><em>Silliy:</em></span> <span class='ocrx_word' id='word_1_164' title='bbox 1297 1538 1418 1577; x_wconf 74' lang='lat' dir='ltr'>postea</span> 
     </span>
     <span class='ocr_line' id='line_1_29' title="bbox 232 1579 482 1619; baseline -0.004 -9"><span class='ocrx_word' id='word_1_165' title='bbox 232 1590 300 1610; x_wconf 89' lang='lat' dir='ltr'>uno</span> <span class='ocrx_word' id='word_1_166' title='bbox 319 1579 482 1619; x_wconf 69' lang='lat' dir='ltr'>Mayhoss.</span> 
     </span>
    </p>
   </div>
   <div class='ocr_carea' id='block_1_8' title="bbox 273 1622 856 1653">
    <p class='ocr_par' dir='ltr' id='par_1_9' title="bbox 273 1622 856 1653">
     <span class='ocr_line' id='line_1_30' title="bbox 273 1622 856 1653; baseline 0 0"><span class='ocrx_word' id='word_1_167' title='bbox 273 1623 285 1641; x_wconf 87' lang='lat'>³</span> <span class='ocrx_word' id='word_1_168' title='bbox 308 1623 489 1653; x_wconf 74' lang='lat' dir='ltr'>innumera</span> <span class='ocrx_word' id='word_1_169' title='bbox 506 1625 563 1652; x_wconf 83' lang='grc' dir='ltr'>(ιαί</span> <span class='ocrx_word' id='word_1_170' title='bbox 579 1622 750 1653; x_wconf 83' lang='lat' dir='ltr'>innumeri</span> <span class='ocrx_word' id='word_1_171' title='bbox 767 1622 856 1653; x_wconf 84' lang='lat' dir='ltr'>codd.</span> 
     </span>
    </p>
   </div>
   <div class='ocr_carea' id='block_1_9' title="bbox 226 1722 1332 1732">
    <p class='ocr_par' dir='ltr' id='par_1_10' title="bbox 226 1722 1332 1732">
     <span class='ocr_line' id='line_1_31' title="bbox 226 1722 1332 1732; baseline 0 0"><span class='ocrx_word' id='word_1_172' title='bbox 226 1722 1332 1732; x_wconf 95' lang='lat' dir='ltr'> </span> 
     </span>
    </p>
   </div>
   <div class='ocr_carea' id='block_1_10' title="bbox 224 1795 1417 2051">
    <p class='ocr_par' dir='ltr' id='par_1_11' title="bbox 268 1795 1197 1836">
     <span class='ocr_line' id='line_1_32' title="bbox 268 1795 1197 1836; baseline 0.001 -10"><span class='ocrx_word' id='word_1_173' title='bbox 268 1801 282 1814; x_wconf 80' lang='lat'>‘¹</span> <span class='ocrx_word' id='word_1_174' title='bbox 306 1796 335 1827; x_wconf 89' lang='lat' dir='ltr'>A</span> <span class='ocrx_word' id='word_1_175' title='bbox 353 1805 542 1826; x_wconf 86' lang='lat' dir='ltr'>venomous</span> <span class='ocrx_word' id='word_1_176' title='bbox 559 1795 680 1833; x_wconf 83' lang='lat' dir='ltr'>beetle,</span> <span class='ocrx_word' id='word_1_177' title='bbox 699 1796 838 1836; x_wconf 85' lang='lat' dir='ltr'>causing</span> <span class='ocrx_word' id='word_1_178' title='bbox 856 1795 961 1826; x_wconf 80' lang='lat' dir='ltr'>cattle</span> <span class='ocrx_word' id='word_1_179' title='bbox 980 1798 1015 1826; x_wconf 79' lang='lat' dir='ltr'>to</span> <span class='ocrx_word' id='word_1_180' title='bbox 1033 1795 1123 1826; x_wconf 80' lang='lat' dir='ltr'>swell</span> <span class='ocrx_word' id='word_1_181' title='bbox 1140 1806 1197 1836; x_wconf 90' lang='lat' dir='ltr'>up.</span> 
     </span>
    </p>

    <p class='ocr_par' dir='ltr' id='par_1_12' title="bbox 224 1838 1415 1918">
     <span class='ocr_line' id='line_1_33' title="bbox 268 1838 1415 1879; baseline 0.001 -11"><span class='ocrx_word' id='word_1_182' title='bbox 268 1838 283 1860; x_wconf 71' lang='lat'>²²</span> <span class='ocrx_word' id='word_1_183' title='bbox 307 1838 540 1878; x_wconf 81' lang='lat' dir='ltr'>Thorn-apple</span> <span class='ocrx_word' id='word_1_184' title='bbox 557 1848 595 1869; x_wconf 90' lang='lat' dir='ltr'>or</span> <span class='ocrx_word' id='word_1_185' title='bbox 611 1838 805 1869; x_wconf 74' lang='lat' dir='ltr'>metel-nut.</span> <span class='ocrx_word' id='word_1_186' title='bbox 854 1838 888 1869; x_wconf 76' lang='lat' dir='ltr'>It</span> <span class='ocrx_word' id='word_1_187' title='bbox 905 1839 933 1869; x_wconf 91' lang='lat' dir='ltr'>is</span> <span class='ocrx_word' id='word_1_188' title='bbox 953 1838 1038 1868; x_wconf 82' lang='lat' dir='ltr'>hard</span> <span class='ocrx_word' id='word_1_189' title='bbox 1059 1842 1096 1869; x_wconf 80' lang='lat' dir='ltr'>to</span> <span class='ocrx_word' id='word_1_190' title='bbox 1117 1849 1170 1868; x_wconf 78' lang='lat' dir='ltr'>sce</span> <span class='ocrx_word' id='word_1_191' title='bbox 1190 1838 1268 1879; x_wconf 81' lang='lat' dir='ltr'>why</span> <span class='ocrx_word' id='word_1_192' title='bbox 1288 1839 1327 1876; x_wconf 77' lang='lat' dir='ltr'>it,</span> <span class='ocrx_word' id='word_1_193' title='bbox 1349 1838 1415 1869; x_wconf 83' lang='lat' dir='ltr'>and</span> 
     </span>
     <span class='ocr_line' id='line_1_34' title="bbox 224 1881 1282 1918; baseline 0.001 -7"><span class='ocrx_word' id='word_1_194' title='bbox 224 1881 393 1918; x_wconf 86' lang='lat' dir='ltr'>hemlock,</span> <span class='ocrx_word' id='word_1_195' title='bbox 409 1891 466 1911; x_wconf 85' lang='lat' dir='ltr'>are</span> <span class='ocrx_word' id='word_1_196' title='bbox 481 1885 542 1911; x_wconf 78' lang='lat' dir='ltr'>not</span> <span class='ocrx_word' id='word_1_197' title='bbox 563 1881 722 1911; x_wconf 90' lang='lat' dir='ltr'>included</span> <span class='ocrx_word' id='word_1_198' title='bbox 737 1881 846 1912; x_wconf 86' lang='lat' dir='ltr'>under</span> <span class='ocrx_word' id='word_1_199' title='bbox 860 1881 975 1912; x_wconf 74' lang='lat' dir='ltr'>toxica.</span> <span class='ocrx_word' id='word_1_200' title='bbox 1023 1881 1073 1912; x_wconf 85' lang='lat' dir='ltr'>Cf.</span> <span class='ocrx_word' id='word_1_201' title='bbox 1091 1881 1192 1918; x_wconf 92' lang='lat' dir='ltr'>XXI,</span> <span class='ocrx_word' id='word_1_202' title='bbox 1211 1882 1282 1912; x_wconf 88' lang='grc'><strong>179.</strong></span> 
     </span>
    </p>

    <p class='ocr_par' dir='ltr' id='par_1_13' title="bbox 273 1923 644 1961">
     <span class='ocr_line' id='line_1_35' title="bbox 273 1923 644 1961; baseline 0 -7"><span class='ocrx_word' id='word_1_203' title='bbox 273 1929 284 1944; x_wconf 81' lang='lat' dir='ltr'><em>c</em></span> <span class='ocrx_word' id='word_1_204' title='bbox 309 1925 371 1955; x_wconf 70' lang='lat' dir='ltr'>See</span> <span class='ocrx_word' id='word_1_205' title='bbox 389 1924 484 1954; x_wconf 79' lang='lat' dir='ltr'>XIV.</span> <span class='ocrx_word' id='word_1_206' title='bbox 504 1925 536 1961; x_wconf 59' lang='lat' dir='ltr'>§S</span> <span class='ocrx_word' id='word_1_207' title='bbox 553 1925 594 1955; x_wconf 88' lang='grc'>59</span> <span class='ocrx_word' id='word_1_208' title='bbox 610 1923 644 1954; x_wconf 85' lang='lat' dir='ltr'>ff.</span> 
     </span>
    </p>

    <p class='ocr_par' dir='ltr' id='par_1_14' title="bbox 225 1966 1417 2051">
     <span class='ocr_line' id='line_1_36' title="bbox 271 1966 1417 2007; baseline 0 -9"><span class='ocrx_word' id='word_1_209' title='bbox 271 1967 286 1986; x_wconf 77' lang='lat'>⁶¹</span> <span class='ocrx_word' id='word_1_210' title='bbox 310 1967 540 2007; x_wconf 77' lang='lat' dir='ltr'>Asclepiach‚</span> <span class='ocrx_word' id='word_1_211' title='bbox 569 1977 589 1997; x_wconf 86' lang='lat' dir='ltr'>a</span> <span class='ocrx_word' id='word_1_212' title='bbox 616 1967 793 2007; x_wconf 85' lang='lat' dir='ltr'>physician</span> <span class='ocrx_word' id='word_1_213' title='bbox 822 1967 860 1997; x_wconf 87' lang='lat' dir='ltr'>of</span> <span class='ocrx_word' id='word_1_214' title='bbox 884 1967 942 1997; x_wconf 84' lang='lat' dir='ltr'>the</span> <span class='ocrx_word' id='word_1_215' title='bbox 969 1966 1043 1997; x_wconf 79' lang='lat' dir='ltr'>first</span> <span class='ocrx_word' id='word_1_216' title='bbox 1071 1970 1215 2007; x_wconf 83' lang='lat' dir='ltr'>century</span> <span class='ocrx_word' id='word_1_217' title='bbox 1241 1975 1321 2004; x_wconf 82' lang='lat' dir='ltr'>B.c.‚</span> <span class='ocrx_word' id='word_1_218' title='bbox 1348 1977 1417 1998; x_wconf 78' lang='lat' dir='ltr'>was</span> 
     </span>
     <span class='ocr_line' id='line_1_37' title="bbox 225 2009 1416 2051; baseline 0 -10"><span class='ocrx_word' id='word_1_219' title='bbox 225 2010 333 2041; x_wconf 81' lang='lat' dir='ltr'>called</span> <span class='ocrx_word' id='word_1_220' title='bbox 367 2010 577 2050; x_wconf 62' lang='lat' dir='ltr'>lVine-giver</span> <span class='ocrx_word' id='word_1_221' title='bbox 612 2009 816 2051; x_wconf 81' lang='grc' dir='ltr'>(οἰνοδότης).</span> <span class='ocrx_word' id='word_1_222' title='bbox 862 2010 924 2042; x_wconf 86' lang='lat' dir='ltr'>See</span> <span class='ocrx_word' id='word_1_223' title='bbox 959 2010 1157 2049; x_wconf 70' lang='lat' dir='ltr'>Anonymus</span> <span class='ocrx_word' id='word_1_224' title='bbox 1195 2010 1416 2041; x_wconf 69' lang='lat' dir='ltr'>Londinensis</span> 
     </span>
    </p>
   </div>
   <div class='ocr_carea' id='block_1_11' title="bbox 223 2083 295 2120">
    <p class='ocr_par' dir='ltr' id='par_1_15' title="bbox 223 2083 295 2120">
     <span class='ocr_line' id='line_1_38' title="bbox 223 2083 295 2120; baseline -0.014 -2"><span class='ocrx_word' id='word_1_225' title='bbox 223 2083 295 2120; x_wconf 85' lang='lat'>434</span> 
     </span>
    </p>
   </div>
  </div>
 </body>
</html>
