1469 2299
92 221 134 250 48

93 486 135 516 49

96 913 137 942 50

95 1392 131 1422 51

366 111 552 147 PLINY:
597 109 857 146 NATURAL
895 110 1130 145 HISTORY

212 213 343 249 XXII.
374 213 560 261 Capitato
597 225 711 260 porro
740 214 862 247 maior
898 211 947 247 ad
984 211 1125 247 eadem
1156 214 1210 247 vis
1240 213 1333 248 est.l

160 270 394 313 sanguinem
425 266 679 302 reiciemibus
709 278 823 300 sucus
854 267 936 300 eius
966 277 1054 300 cum
1081 264 1237 314 gallae2
1266 270 1336 301 aut

160 323 258 356 turis
291 320 415 355 farina
447 319 506 355 vcl
537 322 668 355 acacia
698 318 828 355 datur.
886 318 1149 367 Hippocrates
1181 324 1222 354 et
1252 321 1335 354 sine

161 374 238 409 alia
259 376 433 409 mixtura
455 373 540 409 dari
563 373 675 408 iubet
698 371 912 420 vulvasque
935 376 1159 408 contractas
1182 374 1335 420 aperire

161 440 203 463 se
235 432 367 475 putat,
399 425 689 462 fecunditatem
722 427 844 461 etiam
877 423 1113 460 feminarum
1145 423 1219 461 hoc
1249 425 1336 461 cibo

162 482 311 529 augeri.
366 482 581 516 contritum
608 492 656 514 ex
683 478 801 514 melle
828 477 959 514 ulcera
985 482 1142 528 purgat.
1196 480 1335 515 tussim

162 539 205 570 et
230 533 518 570 destillationes
544 532 729 575 thoracis,
755 531 950 580 pulmonis
977 536 1020 567 et
1045 533 1215 568 arteriae
1241 534 1336 568 vitia

161 592 290 629 sanat,
304 586 443 623 datum
461 589 499 622 in
516 586 731 622 sorbitione
748 587 902 621 tisanae
919 584 980 621 vel
996 584 1161 622 crudum
1177 590 1338 634 praeter

161 642 295 689 capita
316 642 400 676 sine
423 652 541 688 pane,
564 642 620 675 ita
643 644 688 675 ut
711 638 874 675 alternis
896 637 1036 675 diebus
1059 643 1253 681 sumatur,
1275 638 1337 674 vel

161 696 192 729 si
216 706 315 742 pura
340 698 589 729 exercentur.
644 694 698 729 sic
722 697 765 729 et
787 694 871 728 voci
896 697 938 728 et
961 694 1095 728 veneri
1119 705 1337 741 somnoque

162 747 331 783 multum
376 746 542 782 confert.
597 748 730 794 capita
773 746 832 782 bis
877 758 981 794 aqua
1024 750 1182 781 mutata
1225 750 1337 782 cocta

162 800 293 836 alvum
314 802 459 836 sistunt
480 805 522 835 et
535 800 550 823 ³
571 798 777 835 fluctiones
798 804 968 842 veteres,
988 804 1124 835 cortex
1151 798 1337 835 decoctus

162 853 376 901 inlitusque
404 853 528 889 inficit
553 866 683 888 canos.

214 906 368 942 XXIII.
400 906 488 942 Alio
517 919 662 953 magna
691 907 760 947 vis,
789 917 959 954 magnae
988 904 1173 941 utilitatis
1200 910 1337 941 contra

163 972 354 1008 aquarum
373 965 414 996 et
430 954 602 995 locorum
620 961 875 995 mutationes.
931 964 1137 1007 serpentes
1155 959 1280 1007 abigit
1297 964 1338 994 et

162 1015 386 1062 scorpiones
414 1013 534 1049 odore
562 1018 699 1061 atque,
727 1018 771 1048 ut
799 1012 918 1061 aliqui
946 1011 1162 1055 tradidere,
1190 1012 1337 1048 bestias

162 1068 332 1103 omnes.4
385 1067 528 1103 ictibus
559 1066 743 1102 medetur
776 1071 873 1114 potu
903 1065 965 1101 vel
998 1066 1085 1102 cibo
1114 1065 1175 1101 vel
1209 1065 1336 1108 inlitu,

162 1122 346 1169 privatim
377 1126 513 1156 contra
545 1118 867 1156 haemorrhoidas
897 1132 986 1155 cum
1018 1121 1107 1155 vino
1137 1118 1337 1155 redditum

162 1176 325 1209 vomitu.
382 1187 439 1210 ac.
467 1186 516 1209 ne
544 1178 681 1209 contra
711 1185 944 1209 araneorum
974 1174 1145 1209 murium
1168 1185 1336 1208 venena-

162 1233 249 1263 tum
280 1240 452 1263 morsum
484 1227 615 1262 valere
647 1228 848 1269 miremur,
879 1228 1094 1269 aconitum,
1125 1226 1233 1275 quod
1263 1225 1337 1262 alio

163 1282 321 1316 nomine
356 1279 655 1329 pardalianches
690 1285 865 1321 vocatur,
894 1279 1084 1322 debellat,
1112 1281 1209 1316 item
1242 1278 1335 1329 hyo—

161 1347 380 1383 scyamum,
396 1347 538 1370 canum
563 1346 728 1376 morsus,
744 1335 782 1369 in
806 1345 909 1382 quae
930 1333 1092 1369 vulnera
1111 1345 1200 1369 cum
1221 1332 1338 1369 melle

162 1389 375 1435 inponitur.
432 1387 481 1423 ad
498 1389 743 1436 serpentium
761 1386 920 1435 quidem
938 1389 1039 1423 ictus
1055 1391 1205 1423 tostum
1219 1386 1234 1410 5
1249 1399 1338 1422 cum

163 1441 333 1477 restibus
369 1442 447 1477 suis
483 1441 749 1477 efficacissime
786 1453 834 1476 ex
871 1440 958 1476 oleo
993 1439 1183 1483 inlinitur,
1219 1440 1337 1476 adtri-

212 1517 223 1535 1
248 1528 347 1558 porro
378 1519 484 1549 maior
513 1518 556 1548 ad
585 1518 704 1549 eadem
737 1519 786 1548 vis
815 1522 868 1548 est
898 1517 1082 1557 Dellefisen:
1122 1518 1266 1549 maiores
1296 1518 1338 1548 ad

167 1560 286 1633 eaEIem
306 1561 448 1591 effectus
474 1561 642 1601 Maylzoff:
678 1562 822 1591 maiores
845 1560 887 1590 ad
912 1560 1031 1591 eadem
1054 1559 1177 1591 effectu
1200 1559 1339 1599 plurimi

164 1612 198 1632 co

211 1646 223 1664 ²
246 1645 355 1686 gallae
372 1647 473 1676 codd:
504 1646 594 1686 galla
618 1646 654 1676 V.
674 1646 767 1677 Rosa.

211 1689 222 1706 ³
246 1690 373 1719 sistunt
393 1693 427 1719 et
444 1689 563 1727 Dellcf
555 1700 625 1720 en
650 1688 917 1720 emolliunt..
939 1689 1031 1719 sistit
1051 1688 1215 1736 Mayhoff,
1228 1688 1286 1728 qui
1302 1698 1339 1719 ex

168 1730 312 1769 Garffllio
342 1731 458 1760 eadem
492 1741 581 1770 aqua
615 1734 695 1771 pota
728 1741 802 1761 cum
836 1731 916 1762 vino
948 1729 984 1761 in
1015 1729 1169 1761 lacunam
1199 1729 1338 1767 ‘in-serim

169 1774 260 1804 sistit
281 1774 326 1804 T:
358 1774 484 1803 sistunt
505 1773 584 1810 mth

213 1817 225 1835 ⁴¹
250 1817 302 1847 Ita
319 1816 394 1846 dist.
413 1816 574 1856 Illa-uhoff.

212 1859 225 1878 ⁵
249 1864 380 1890 tostum
404 1861 441 1890 V.
461 1861 566 1891 Rose:
600 1864 718 1900 potum
737 1860 827 1891 codd.

208 1949 221 1963 ⁰
245 1945 273 1975 A
290 1946 474 1986 poisonous
496 1946 620 1982 snake;
653 1955 706 1976 see
730 1945 846 1976 Lucan
868 1945 932 1977 IX.
957 1945 1031 1983 709,
1056 1946 1129 1978 806.
1175 1944 1247 1977 The
1268 1955 1337 1977 acc.

163 1987 207 2028 pl.
225 1987 263 2018 of
275 1988 499 2019 haemorrhois
515 1992 575 2019 not
592 1989 630 2019 of
645 1987 902 2020 haemorrhoida.

164 2060 210 2095 30
