1469 2299
179 566 215 595 81

182 885 223 915 82

182 1259 221 1290 83

446 138 642 175 PLINY:
687 137 948 175 NATURAL
981 138 1217 175 HISTORY

245 243 504 277 incrementa.
562 240 722 277 fauces¹
764 246 978 289 exasperat
1017 246 1058 276 et
1096 253 1250 277 venena
1284 244 1416 277 omnia

245 293 429 337 hebetat,
450 297 665 343 praecipue
687 293 864 343 psimithi
888 300 929 330 et
950 297 1080 344 gypsi,
1102 297 1141 330 in
1164 307 1269 343 aqua
1290 294 1416 330 mulsa

245 353 315 383 aut
344 347 506 383 ficorum
535 350 728 384 siccarum
756 347 922 384 decocto
951 353 1091 396 potum
1119 353 1259 384 contra
1286 360 1415 384 meco-

245 403 369 443 nium,
418 413 465 437 ex
515 414 619 450 aqua
667 406 806 437 contra
862 400 1131 443 cantharidas,
1179 401 1416 450 buprestim,

246 454 555 497 salamandram,
592 457 884 503 pityocampas,
922 466 994 503 per
1030 466 1073 490 se
1111 459 1250 503 potum
1287 453 1417 490 reddi-

248 513 415 555 tumque
453 508 736 544 vomitionibus
773 513 912 543 contra
962 510 1094 543 omnia
1142 520 1261 556 supra
1297 507 1415 543 dicta.

251 560 528 596 lassitudinum
550 566 591 596 et
610 560 912 610 perfrictionum
930 559 1098 596 refectio
1118 566 1191 596 est.
1247 563 1418 597 tormina

249 614 420 650 calidum
459 620 599 663 potum
634 613 789 664 cyathis
825 627 895 650 sex
932 616 1140 663 magisque
1176 619 1267 650 ruta
1301 614 1416 650 simul

249 667 416 703 decocta
441 668 569 716 pellit,
594 670 692 703 item
718 670 868 703 ventris
894 667 1091 703 animalia.
1147 667 1263 703 solvit
1288 667 1418 703 alvum

249 720 434 756 heminae
464 734 652 757 mensura
680 734 769 757 cum
799 724 889 757 vino
919 726 961 757 et
989 720 1117 757 calida
1145 733 1250 770 aqua
1277 726 1418 769 potum

250 780 319 810 aut
343 777 497 810 tisanae
526 787 633 817 suco,
656 774 887 810 vulnerariis
911 773 1134 823 emplastris
1157 774 1255 810 utile
1277 773 1419 810 faciem

250 834 410 876 purgat.
466 828 596 864 bubus
625 827 801 864 infusum
830 840 902 877 per
930 840 1059 871 nares,
1089 827 1216 864 donec
1244 833 1419 871 ructent,

253 879 499 917 inflationem
537 881 665 917 sedat.
722 887 837 918 vetus
873 887 1010 917 autem
1045 883 1172 930 magis
1209 880 1419 918 excalfacit

252 947 416 982 corpora
450 938 658 984 magisque
694 934 858 971 discutit
887 934 1066 978 sudores,
1095 934 1263 971 duritias
1294 937 1420 984 magis

252 986 452 1030 diffundit,
487 987 715 1038 lethargicis
749 988 940 1024 auxiliare
974 993 1016 1024 et
1047 987 1236 1024 inclinato
1268 989 1419 1024 morbo.

252 1041 455 1077 oculorum
472 1041 643 1078 claritati
663 1041 819 1078 confert
836 1041 985 1090 aliquid
1001 1054 1091 1078 cum
1108 1044 1193 1090 pari
1209 1044 1393 1090 portione
1406 1041 1421 1064 ²

253 1094 381 1130 mellis
429 1098 583 1144 acapni.
638 1098 780 1144 capitis
827 1095 1029 1132 doloribus
1076 1095 1298 1131 remedium
1345 1100 1420 1138 est,

251 1151 349 1184 item
370 1148 575 1185 ardoribus
594 1151 634 1184 in
654 1148 754 1185 febri
773 1161 863 1185 cum
883 1161 999 1198 aqua.
1055 1151 1086 1185 si
1105 1151 1254 1185 vetusti
1272 1162 1353 1185 non
1370 1151 1423 1185 sit

252 1204 419 1245 occasio,
440 1202 678 1251 decoquitur
699 1208 745 1238 ut
765 1208 1014 1238 vetustatem
1034 1207 1326 1251 repraesentet.

304 1254 411 1291 XLI.
435 1255 580 1292 Oleum
591 1258 761 1292 cicinum
772 1256 924 1292 bibitur
939 1255 990 1292 ad
1002 1258 1262 1305 purgationes
1273 1258 1422 1292 ventris

251 1321 341 1344 cum
363 1311 447 1358 pari
467 1309 605 1346 caldae
626 1322 824 1346 mensura.
879 1311 1066 1358 privatim
1086 1309 1232 1345 dicitur
1250 1322 1422 1359 purgare

251 1362 496 1411 praecordia.
552 1363 717 1412 prodest
740 1369 782 1399 et
803 1362 1061 1399 articulorum
1083 1363 1244 1406 morbis,
1266 1363 1422 1399 duritiis

251 1416 448 1459 omnibus,
469 1416 608 1459 vulvis,
631 1417 806 1459 auribus,
830 1416 1039 1460 ambustis,
1062 1429 1152 1453 cum
1175 1418 1307 1452 cinere
1329 1429 1422 1453 vero

251 1471 444 1505 muricum
495 1469 599 1506 sedis
659 1469 1055 1513 inflammationibus,
1104 1472 1203 1506 item
1268 1482 1421 1519 psorae.

251 1522 422 1559 colorem
444 1525 546 1559 cutis
567 1523 825 1560 commendat
847 1523 1116 1572 capillumque
1136 1522 1257 1559 fertili
1279 1529 1423 1559 natura

251 1582 403 1612 evocat.
474 1589 612 1613 semen
640 1589 689 1613 ex
719 1590 797 1626 quo
826 1576 871 1613 fit
897 1576 1006 1614 nulla
1034 1579 1213 1613 animans
1241 1579 1420 1627 attingit.

299 1661 312 1680 ¹
337 1661 538 1693 Sententiam
556 1661 671 1693 fauces
697 1687 704 1693 .
731 1687 738 1693 .
765 1686 772 1693 .
798 1661 890 1693 dicta
908 1662 954 1693 ita
970 1662 1045 1693 dist.
1063 1660 1226 1702 Mayhoff.

298 1703 311 1722 ²
337 1706 409 1745 pari
433 1706 589 1745 portione
615 1705 709 1745 vulq„
728 1704 835 1745 Silliy,
863 1704 1037 1745 Mayhoff:
1070 1706 1225 1746 portione
1250 1705 1278 1735 E
1303 1705 1420 1743 Hard„

257 1747 373 1785 lanus,
392 1748 557 1789 Dellessen
575 1761 581 1779 :
612 1749 702 1789 parti
719 1749 911 1789 partionem
930 1748 968 1779 V.

293 1837 306 1851 ‘¹
331 1833 389 1870 Or,
409 1837 428 1849 ‘⁶
442 1833 541 1864 takes
557 1844 653 1874 away
672 1844 823 1865 soreness
839 1833 927 1865 from
944 1833 1002 1865 the
1018 1833 1169 1865 throat.’‘
1208 1833 1267 1865 See
1284 1838 1363 1865 note
1379 1844 1422 1866 on

255 1876 322 1916 §97
339 1876 407 1907 and
425 1880 506 1907 note
523 1887 537 1906 c
553 1886 595 1907 on
613 1878 627 1916 ξ
648 1878 718 1907 143.

294 1919 306 1938 ὃ
330 1919 377 1950 Of
388 1919 445 1950 the
462 1919 606 1959 possible
622 1920 795 1960 meanings
812 1919 850 1950 of
861 1919 1061 1960 praecordia,
1077 1920 1124 1958 (1)
1140 1918 1199 1950 the
1214 1919 1314 1950 lower
1329 1919 1422 1950 chest

250 1961 360 1992 before
382 1962 439 1993 the
462 1962 576 1998 heart;
613 1963 659 2001 (2)
681 1962 740 1993 the
761 1966 839 2003 part
861 1972 941 1993 over
961 1962 1020 1993 the
1041 1962 1259 2003 diaphragm;
1296 1963 1342 2002 (3)
1364 1962 1422 1994 the

248 2010 315 2036 two
332 2005 599 2046 hypochondria,
619 2005 677 2036 the
695 2005 787 2037 third
804 2006 832 2036 is
850 2004 979 2046 plainly
997 2004 1152 2046 required
1170 2004 1258 2036 here.

241 2067 311 2112 468
