1469 2299
161 338 203 368 48

163 767 203 796 49

166 1143 207 1172 50

432 122 627 161 PLINY:
671 124 933 161 NATURAL
967 123 1201 160 HISTORY

227 227 405 262 omnium
426 230 563 262 autem
585 238 779 276 generum
802 238 940 262 eorum
961 225 1112 262 radices
1135 225 1403 274 scorpionibus

228 279 500 315 adversantur.

279 332 411 368 XXII.
442 332 671 382 Coronopus
696 331 868 382 oblonga
892 331 1016 368 herba
1042 337 1104 368 est
1128 345 1218 368 curn
1244 331 1401 368 fissuris.

228 388 372 422 seritur
406 388 580 429 interim,
616 388 804 435 quoniam
839 385 951 422 radix
987 385 1165 422 coeliacis
1202 385 1403 435 praeclare

229 439 325 476 facit
348 441 389 475 in
412 442 544 476 cinere
568 445 687 476 tosta.

279 492 434 529 XXIII.
464 493 518 530 Et
557 492 755 529 anchusae
793 492 906 529 radix
946 495 984 528 in
1025 505 1097 529 usu
1136 497 1211 535 est,
1250 491 1402 541 digitali

228 546 501 583 crassitudine.
557 546 720 583 finditur
740 548 880 596 papyri
901 545 1019 582 modo
1040 558 1260 595 manusque
1281 545 1404 582 inficit

229 602 448 650 sanguineo
468 600 611 644 colore,
631 605 846 650 praeparat
865 599 974 636 lanas
996 601 1177 648 pretiosis
1198 599 1403 635 coloribus.

229 659 344 690 sanat
361 653 493 690 ulcera
511 655 550 690 in
569 659 718 697 cerato,
733 655 946 703 praecipue
962 665 1116 695 senum,
1133 655 1231 690 item
1250 652 1405 689 adusta.

230 706 370 756 liquari
402 720 480 744 non
510 712 646 756 potest
676 709 716 743 in
747 720 867 757 aqua,
898 706 985 743 oleo
1016 706 1253 749 dissolvitur,
1285 705 1405 755 idque

229 763 406 798 sincerae
445 763 766 810 experimentum
803 765 877 797 est.
931 760 1051 797 datur
1087 765 1129 796 et
1166 759 1217 796 ad
1252 762 1406 796 renium

231 814 385 851 dolores
408 814 597 850 drachma
620 816 704 851 eius
726 816 840 864 potui
861 816 902 850 in
925 816 1014 850 vino
1037 819 1120 856 aut,
1143 815 1174 849 si
1197 812 1318 849 febris
1341 815 1405 856 sit,

233 870 272 903 in
298 867 464 904 decocto
490 868 635 911 balani,
661 870 759 904 item
786 869 1002 904 iocinerum
1029 869 1132 903 vitiis
1159 872 1202 903 et
1226 866 1338 903 lienis
1365 871 1408 902 et

231 921 309 958 bile
337 921 520 958 subfusis.
575 921 694 971 lepris
721 927 763 958 et
789 921 971 971 lentigini
998 920 1175 957 inlinitur
1202 932 1252 956 ex
1278 926 1405 956 aceto.

232 974 323 1011 folia
344 978 441 1012 trita
460 988 549 1011 cum
571 975 689 1012 melle
711 981 752 1011 et
773 974 899 1011 farina
919 975 1065 1011 luxatis
1085 976 1344 1023 inponuntur,
1365 979 1407 1010 et

232 1034 327 1078 pota
372 1028 568 1066 drachmis
614 1028 769 1066 duabus
814 1031 854 1064 in
898 1027 1025 1065 mulso
1071 1027 1202 1064 alvum
1247 1029 1404 1064 sistunt.

233 1081 380 1131 pulices
406 1095 548 1119 necare
574 1082 686 1119 radix
711 1084 751 1118 in
777 1094 881 1131 aqua
906 1081 1071 1118 decocta
1096 1081 1281 1118 traditur.

283 1136 429 1172 XXIV.
460 1136 533 1173 Est
567 1141 609 1172 et
643 1136 719 1172 alia
752 1135 886 1172 similis
921 1133 1250 1184 pseudoanchusa
1283 1134 1335 1171 ob
1369 1134 1407 1170 id

233 1189 448 1239 appellata,
468 1203 489 1226 a
509 1189 746 1239 quibusdam
765 1202 858 1226 vero
877 1188 983 1225 echis
1002 1194 1072 1225 aut
1090 1188 1193 1225 doris
1213 1193 1255 1224 et
1272 1187 1408 1224 multis

233 1243 316 1279 aliis
366 1244 604 1287 nominibus,
652 1243 920 1293 lanuginosior
969 1248 1012 1279 et
1058 1244 1189 1278 minus
1237 1243 1410 1291 pinguis,

233 1298 479 1334 tenuioribus
506 1296 606 1333 foliis
633 1296 957 1347 languidioribus.
1012 1295 1123 1332 radix
1151 1298 1191 1331 in
1217 1295 1304 1332 oleo
1332 1308 1408 1331 non

233 1350 366 1387 fundit
394 1351 607 1387 rubentem
635 1363 787 1394 sucum,
816 1355 858 1386 et
884 1349 958 1387 hoc
987 1350 1037 1386 ab
1065 1348 1240 1385 anchusa
1267 1348 1409 1385 discer—

234 1406 352 1441 nitur.
407 1410 545 1441 contra
572 1409 779 1454 serpentes
808 1404 1075 1440 efficacissima
1103 1408 1201 1452 potu
1228 1401 1410 1439 foliorum

235 1458 295 1494 vel
335 1460 507 1495 seminis.
562 1457 656 1494 folia
694 1458 837 1494 ictibus
877 1459 1134 1506 inponuntur.
1188 1457 1292 1492 virus
1331 1468 1410 1492 ser-

236 1517 376 1561 pentes
411 1511 539 1562 fugat.
594 1512 745 1548 bibitur
779 1516 822 1548 et
855 1516 1019 1560 propter
1052 1512 1219 1560 spinam.
1273 1509 1410 1546 folium

282 1663 296 1678 '²
319 1659 360 1690 In
380 1658 439 1689 the
458 1658 582 1689 leaves.

284 1702 296 1721 ὸ
319 1701 477 1732 Pretiosis
492 1700 651 1731 coloribus
666 1711 730 1732 can
746 1700 787 1731 be
803 1699 920 1731 dative
936 1709 974 1730 or
993 1699 1155 1730 ablative.
1201 1698 1281 1729 Two
1301 1701 1410 1728 trans-

237 1746 360 1776 lations
394 1754 451 1775 are
482 1744 646 1785 possible:
693 1747 883 1784 “prepares
919 1743 1023 1773 wools
1058 1742 1111 1773 for
1148 1741 1266 1781 (more)
1303 1741 1410 1780 costly

237 1788 400 1818 eolours”
423 1797 460 1818 or
481 1791 672 1828 “prepares
694 1786 797 1817 wools
818 1785 901 1816 with
923 1785 1033 1826 costly
1055 1785 1187 1816 colours
1200 1785 1232 1820 ”‚
1256 1783 1308 1814 i.e.
1329 1783 1411 1814 with

235 1831 368 1861 colours
387 1829 496 1861 which
515 1829 544 1860 if
559 1830 704 1870 genuine
723 1829 835 1860 would
857 1828 897 1859 be
915 1828 1035 1869 costly.
1082 1827 1179 1858 Book
1198 1826 1329 1857 XXIV.
1350 1827 1410 1857 96:

238 1873 448 1913 tingentibus
466 1876 501 1904 et
521 1872 673 1904 radicula
693 1873 790 1904 lanas
812 1875 1007 1913 praeparat,
1033 1873 1235 1911 “soapwort
1255 1879 1413 1910 prepares

237 1916 339 1947 wools
348 1916 420 1947 also
430 1916 483 1947 for
493 1916 592 1957 dyers
603 1916 634 1952 ”,
649 1916 764 1956 points
775 1919 812 1946 to
821 1914 881 1945 the
891 1915 1017 1946 former
1028 1913 1066 1944 of
1075 1913 1170 1944 these
1180 1913 1411 1944 alternatives.

280 1964 292 1978 ⁶
315 1959 466 2000 Perhaps
487 1959 586 2000 Pliny
606 1959 667 1989 has
688 1958 852 1989 confused
871 1958 941 1989 this
960 1957 1043 1988 with
1062 1956 1122 1987 the
1141 1956 1251 1988 Greek
1271 1955 1366 1995 ἔχιος.

281 2001 295 2021 ‘1
320 2003 340 2015 ‘⁴
355 2002 426 2033 The
446 2002 575 2033 Dorian
596 2001 731 2042 plant.'‘

238 2056 306 2102 326
