1469 2299
124 236 179 267 131

118 930 178 962 133

416 128 609 166 PLINY:
654 129 916 167 NATURAL
949 130 1184 169 HISTORY

261 229 412 267 LXIII.
444 229 632 267 Panicum
678 231 836 268 Diocles
881 231 1057 268 medicus
1102 232 1181 268 mel
1226 232 1384 283 frugum

210 284 437 333 appellavit.
494 283 658 320 effectus
698 283 821 320 habet
861 298 958 334 quos
998 285 1162 322 milium.
1216 288 1256 322 in
1296 289 1385 324 vino

208 343 347 387 potum
402 337 564 386 prodest
618 337 879 387 dysintericis.
935 339 1115 375 similiter
1168 338 1227 375 his
1281 354 1386 389 quae

208 391 435 440 vaporanda
456 397 549 427 sunt
572 390 836 428 excalfactum
859 394 1072 440 inponitur.
1127 394 1232 429 sistit
1253 393 1384 430 alvum

210 447 247 480 in
276 444 378 480 lacte
406 447 566 493 caprino
593 445 802 481 decoctum
831 451 872 481 et
898 445 957 482 bis
985 445 1048 482 die
1076 445 1276 483 haustum.
1330 450 1384 484 sic

206 498 369 547 prodest
395 503 435 534 et
461 498 509 534 ad
535 500 718 535 tormina.

262 551 403 587 LXIV.
434 550 585 587 Sesima
618 554 714 588 trita
746 553 785 587 in
818 554 907 588 vino
940 557 1098 601 sumpta
1134 551 1288 590 inhibet
1319 567 1384 590 vo—

206 607 403 641 mitiones.
460 608 612 641 aurium
656 604 957 642 inflammationi
1000 605 1178 642 inlinitur
1219 611 1261 643 et
1302 620 1383 643 am—

205 658 344 694 bustis.
400 658 543 695 eadem
580 658 698 695 efficit
736 664 778 695 et
814 658 909 695 dum
946 661 985 695 in
1022 658 1146 696 herba
1183 665 1256 696 est.
1310 659 1383 697 hoc

205 712 374 760 amplius
399 712 519 748 oculis
544 714 747 761 inponitur
771 711 937 749 decocta
959 714 998 748 in
1023 715 1124 749 vino.
1179 713 1383 751 stomacho

205 765 354 801 inutilis
387 767 426 801 in
460 766 554 801 cibis
589 771 631 802 et
664 768 820 801 animae
853 768 1093 816 gravitatem
1128 765 1234 803 facit.
1290 767 1383 804 stel-

206 818 353 855 lionum
368 820 561 855 morsibus
576 821 738 862 resistit,
753 821 849 855 item
864 819 1060 856 ulceribus
1075 833 1178 869 quae
1192 820 1382 857 cacoethe

206 878 362 915 vocant,
395 879 436 908 et
467 873 626 908 auribus
658 872 789 909 oleum
822 873 928 921 quod
960 885 1008 909 ex
1041 886 1088 909 ea
1120 873 1164 909 f1t
1194 873 1382 923 prodesse

204 925 388 962 diximus,
443 926 685 962 sesamoides
712 939 734 962 a
759 926 1017 963 similitudine
1044 939 1188 963 nornen
1214 930 1381 977 accepit,

202 993 327 1029 grano
363 992 511 1023 amaro,
548 979 639 1015 folio
677 982 839 1016 minore.
895 982 1070 1016 nascitur
1105 982 1144 1016 in
1180 981 1379 1030 glareosis.

203 1032 380 1069 detrahit
400 1032 521 1069 bilem
541 1035 580 1069 in
601 1046 704 1082 aqua
726 1034 898 1083 potum.¹
953 1046 1091 1070 semen
1107 1034 1285 1071 inlinitur
1299 1037 1378 1085 igni

205 1099 328 1128 sacro,
350 1086 513 1122 discutit
534 1100 670 1135 panos.

259 1140 329 1176 Est
350 1143 570 1176 etiamnum
587 1139 694 1176 aliud
709 1139 951 1176 sesamoides
967 1140 1185 1191 Anticyrae
1202 1154 1380 1185 nascens,

202 1193 309 1242 quod
339 1193 428 1229 ideo
459 1194 578 1243 aliqui
609 1194 867 1243 Anticyricon
902 1199 1057 1236 vocant,
1091 1199 1227 1230 cetera
1254 1195 1380 1232 simile

202 1249 417 1296 erigeronti
446 1246 608 1290 herbae,
637 1247 687 1284 de
716 1260 795 1296 qua
823 1247 1000 1284 dicemus
1029 1260 1100 1284 suo
1130 1248 1227 1292 loco,
1256 1261 1380 1298 grano

201 1313 393 1337 sesamae.
448 1301 568 1337 datur
588 1303 628 1336 in
650 1303 739 1337 vino
761 1300 864 1337 dulci
889 1300 939 1337 ad
963 1300 1232 1338 detractiones
1257 1315 1379 1351 quan-

300 1396 312 1414 1
334 1399 467 1436 potum.
513 1406 627 1426 semen
645 1395 809 1436 Detlefsen
824 1408 830 1426 :
861 1399 982 1436 potum
999 1406 1125 1433 semen,
1143 1396 1307 1437 Mayhoff.

249 1485 263 1499 ‘¹
286 1481 436 1522 Perhaps
450 1481 593 1512 because
606 1492 625 1512 a
640 1482 748 1513 Greek
763 1492 862 1512 name
875 1481 927 1512 for
940 1482 967 1512 it
981 1492 1048 1512 was
1060 1480 1175 1522 μελίνη
1188 1492 1225 1513 or
1237 1481 1377 1522 μέλινος.

204 1524 417 1556 Dioscorides
439 1524 485 1555 ΙΙ.
508 1525 560 1555 98.

251 1567 263 1586 ²³
286 1567 499 1597 Dioscorides
518 1567 565 1597 ΙΙ.
587 1568 650 1598 99:
675 1566 694 1607 ἡ
711 1566 746 1598 δὲ
762 1566 826 1597 πόα
850 1566 1063 1607 καθεψηθεῖσα
1088 1565 1122 1597 ἐν
1139 1567 1218 1608 οἴνῳ
1240 1567 1279 1599 τὰ
1298 1567 1379 1599 αὐτὰ

206 1612 303 1646 ποιεῖ,
319 1609 460 1649 μάλιστα
477 1609 511 1640 δὲ
528 1609 724 1649 φλεγμοναῖς
740 1609 915 1650 ὀφθαλμῶν
933 1609 985 1641 καὶ
1000 1609 1221 1649 περιωδυνίαις
1234 1609 1375 1650 ἁρμόζει.

251 1658 262 1672 ⁶
284 1652 497 1683 Dioscorides
522 1653 567 1683 H.
592 1654 655 1683 99:
688 1651 833 1692 σήσαμον
860 1652 1106 1693 κακοστόμαχον
1138 1651 1191 1684 καὶ
1217 1652 1377 1688 δυσωδίας

204 1695 365 1735 στόματος
381 1695 561 1735 ποιητικόν.

247 1739 261 1757 ⁰¹
283 1738 480 1778 Superficial
509 1737 698 1778 malignant
718 1737 858 1769 disease.
913 1738 974 1769 See
1003 1738 1149 1779 Spencer
1177 1748 1221 1769 on
1249 1738 1375 1777 Celsus,

202 1781 275 1813 Vol.
299 1781 365 1811 III.
389 1780 571 1821 Appendix
594 1779 620 1811 I.

244 1829 255 1842 ²
277 1824 338 1854 See
358 1823 495 1854 XXIII.
515 1824 595 1862 §95.

241 1866 256 1890 s
279 1866 448 1906 Probably
472 1866 531 1897 the
554 1865 764 1906 ὸησαμοειδὲς
799 1864 836 1896 τὸ
862 1865 978 1906 μικρόν
1005 1866 1044 1896 Of
1071 1866 1284 1897 Dioscorides
1314 1867 1374 1900 IV.

204 1911 276 1946 163,
296 1909 402 1940 Which
422 1910 449 1939 is
468 1909 539 1939 said
559 1912 595 1939 to
613 1919 703 1949 grow
721 1907 754 1939 ἐν
771 1908 903 1949 τραχέσι
920 1908 1060 1949 χωρίοις.

243 1958 256 1976 ⁰
278 1952 359 1982 This
376 1953 403 1982 is
421 1952 479 1982 the
496 1950 705 1992 σησαμοειδὲς
725 1950 810 1991 μέγα
826 1951 864 1982 of
884 1951 1097 1982 Dioscorides
1115 1951 1173 1982 IV.
1195 1953 1267 1983 149.
1321 1952 1374 1983 He

199 2006 278 2036 says
300 1995 379 2026 that
402 1995 429 2026 it
451 1995 478 2025 is
499 1994 565 2025 like
585 1994 768 2035 groundsel
790 2005 828 2025 or
848 2004 917 2031 rue,
937 1994 1004 2025 and
1024 1995 1101 2025 that
1119 2005 1140 2025 a
1157 1994 1374 2036 three-finger

200 2057 270 2103 388
