1469 2299
99 732 157 762 166

380 90 574 127 PLINY:
619 90 880 128 NATURAL
914 90 1149 127 HISTORY

179 205 300 241 quarn
325 204 367 229 se
393 195 522 242 aperit
547 194 618 228 nisi
645 198 765 228 vento
789 194 981 240 spirante,
1008 191 1112 228 unde
1139 196 1181 227 et
1204 203 1350 227 nomen

179 259 382 295 accepere.
438 245 605 282 silvestri
635 245 857 294 amplitudo
884 247 1008 281 maior
1035 245 1348 293 latioribusque¹

180 298 296 342 foliis,
316 299 411 336 flore
431 299 650 348 phoenicio.
706 298 807 334 hanc
827 311 958 334 errore
979 298 1089 334 ducti
1109 310 1352 345 argemonen

183 358 329 402 putant
351 352 481 396 multi,
503 352 566 388 alii
590 365 722 388 rursus
745 365 919 401 papaver
941 351 1048 400 quod
1070 350 1218 387 rhoean
1242 364 1352 387 voca-

182 408 321 442 vimus.
376 406 446 442 sed
480 405 682 442 distinctio
716 418 875 455 magna,
909 404 1016 454 quod
1050 410 1221 453 utraque
1254 403 1353 440 haec

182 465 322 508 postea
359 459 516 502 florent,
553 472 625 495 nec
661 464 732 495 aut
767 471 905 494 sucum
941 458 1096 494 illarum
1132 470 1353 494 anemonae

181 513 357 549 reddunt
383 518 453 549 aut
478 512 633 562 calyces
658 511 811 548 habent
836 524 909 547 nec
935 514 1006 547 nisi
1034 513 1216 561 asparagi
1241 523 1353 547 cacu-

182 580 286 602 men.
343 571 509 615 prosunt
545 578 766 602 anemonae
803 567 944 613 capitis
981 564 1180 601 doloribus
1219 569 1261 600 et
1297 566 1353 600 in-

186 619 538 663 flammationibus,
580 619 704 655 vulvis
753 618 977 661 mulierum,
1025 618 1117 654 lacti
1166 618 1357 667 quoque.2

185 679 225 709 et
254 679 460 709 menstrua
488 675 595 709 cient
623 685 713 709 cum
742 675 872 708 tisana
899 676 1084 720 sumptae
1113 677 1184 708 aut
1212 670 1357 707 vellere

183 727 403 775 adpositae.
459 726 570 762 radix
613 725 945 762 commanducata
987 727 1175 773 pituitam
1218 723 1356 766 trahit,

183 780 327 816 dentes
360 786 490 823 sanat,
520 780 686 816 decocta
715 779 917 816 oculorum
948 777 1157 827 epiphoras
1188 783 1230 814 et
1258 780 1357 814 cica—

185 837 312 870 trices.
357 834 469 883 Magi
483 833 682 870 occultum
697 833 712 856 3
726 832 917 882 quiddam
932 832 947 855 4
960 834 1004 868 iis
1018 832 1209 873 tribuere,
1224 843 1327 880 quae
1343 832 1358 854 ⁵

187 890 357 936 primum
387 890 601 936 aspiciatur
631 887 708 922 eo6
738 899 841 923 anno
866 885 948 922 tolli
981 886 1166 925 iubentes
1198 884 1356 934 dicique

187 941 315 990 colligi
349 954 437 977 eam
470 942 652 977 tertianis
685 946 727 976 et
759 941 963 989 quartanis
997 938 1185 980 remedio,
1220 943 1360 987 postea

185 995 351 1043 adligari
375 994 513 1030 florem
537 1007 668 1042 panno
693 1006 827 1029 russeo
852 998 893 1029 et
917 995 956 1028 in
982 992 1121 1028 umbra
1145 991 1358 1033 adservari,

186 1051 256 1091 ita,
272 1061 361 1084 cum
377 1061 475 1096 opus
491 1050 556 1089 sit,
573 1047 790 1096 adalligari.
847 1059 950 1095 quae
967 1058 1015 1081 ex
1032 1044 1091 1081 his
1108 1044 1360 1094 phoenicium

188 1101 325 1137 florem
353 1101 477 1137 habet
504 1101 636 1137 radice
665 1103 837 1136 contrita
864 1102 1100 1148 cuicumque
1129 1098 1358 1134 animalium

187 1157 359 1204 inposita
378 1155 486 1191 ulcus
506 1153 602 1190 facit
621 1156 796 1204 styptica
815 1156 863 1190 vi.
920 1159 960 1189 et
980 1153 1070 1189 ideo
1091 1151 1360 1202 expurgandis

189 1209 385 1245 ulceribus
411 1208 636 1245 adhibetur.

238 1281 246 1298 ¹
274 1282 519 1321 latim-{busque
542 1281 654 1312 codd:
680 1280 857 1311 latioribus
881 1279 1142 1319 durioribusque
1165 1277 1234 1309 coll.
1252 1277 1362 1309 Diosc.

193 1325 318 1355 Mwlm
349 1349 355 1355 .

237 1325 353 1398 ²'llacftfi
376 1377 522 1407 quoque.
569 1370 604 1397 et
625 1366 728 1402 codd„
755 1365 936 1405 Detlefsen:
966 1364 1054 1395 laete
1079 1373 1214 1404 quoque
1235 1366 1271 1394 et
1293 1362 1363 1394 coll.

193 1410 303 1441 Dioac.
330 1410 490 1450 Muyhoff.

235 1453 247 1471 ³
271 1452 441 1483 occultum
465 1452 638 1492 Mayhoff:
671 1451 818 1482 multum
839 1450 1012 1490 Detlessen.

237 1496 250 1514 ⁴
274 1496 437 1536 quiddam
456 1494 552 1525 multi
569 1495 658 1526 codd.
676 1499 703 1525 et
723 1494 893 1534 Mayhoff:
926 1493 1062 1533 quidem
1076 1491 1173 1532 only„
1190 1490 1364 1532 Deilessen.

237 1537 250 1556 ⁵
275 1549 361 1579 quae
377 1544 504 1569 secutus
521 1538 557 1569 Ο.
579 1539 615 1569 F.
640 1538 685 1568 W.
705 1536 838 1573 Muller,
858 1535 1033 1576 Mayhofs:
1065 1545 1166 1575 quam
1184 1534 1273 1566 codd.

240 1580 253 1599 ⁶
277 1592 316 1612 eo
332 1592 403 1612 cum
420 1581 523 1617 codd„
540 1579 712 1619 Mayhoff:
742 1581 775 1610 in
797 1579 939 1615 Urlichs,
955 1577 1131 1618 Dellefsen.

239 1672 254 1686 ‘¹
276 1667 424 1698 Derived
442 1667 529 1697 from
549 1666 676 1705 ἄνεμος,
696 1665 797 1696 wind.

242 1711 254 1730 ⁶
277 1710 492 1741 Dioscorides
506 1709 567 1740 has
581 1709 643 1747 (ΙΙ.
662 1710 722 1739 176
738 1708 943 1746 Wellmann)
957 1709 1024 1740 τοῖς
1040 1705 1171 1746 φύλλοις
1186 1704 1367 1744 πλατυτέρα

195 1753 247 1785 καὶ
278 1752 488 1793 σκληροτέρα,
512 1762 549 1783 so
570 1752 649 1782 that
672 1751 854 1791 Mayhoff's
876 1751 1040 1781 insertion
1063 1749 1102 1780 of
1120 1749 1368 1788 durioribusque

196 1796 298 1836 (‘and
315 1795 472 1835 harder')
495 1805 575 1835 may
599 1795 640 1825 be
662 1798 803 1825 correct.
1027 1797 1038 1812 ⁶
1062 1791 1160 1823 XIX.
1182 1792 1254 1822 168.

232 1840 246 1858 ἀ
271 1839 432 1878 Perhaps,
456 1838 593 1869 corolla.
641 1837 817 1873 However,
845 1844 1031 1867 anemones
1057 1834 1145 1866 have
1172 1844 1215 1864 no
1242 1832 1365 1874 petala,

197 1882 276 1922 only
293 1881 451 1912 coloured
468 1880 589 1921 sepals.

239 1931 250 1944 ⁶
275 1924 488 1955 Dioscorides
512 1924 591 1954 has:
616 1921 784 1962 ἐσθιόμενα
803 1921 888 1961 γάλα
909 1923 1071 1960 κατασπᾷ,
1091 1918 1125 1950 ἐν
1145 1917 1313 1959 προσθέτῳ
1334 1916 1369 1948 δὲ

197 1969 322 2008 ἔμμηνα
339 1967 408 2007 ἄγει
422 1967 484 2006 (ΙΙ.
501 1967 587 2006 176).
625 1965 808 2006 Mayhoff's
822 1964 1040 1995 emendation
1057 1962 1126 1993 and
1141 1961 1369 2003 punctuation

195 2022 262 2067 278
