1469 2299
138 466 175 497 13

139 773 178 803 14

140 1695 178 1727 16

408 113 573 149 PLINY
588 127 596 150 ε
639 112 902 150 NATURAL
938 112 1175 149 HISTORY

204 215 385 265 pedibus,
411 218 540 265 pecori
566 217 779 264 praecipue
805 217 995 252 nocivam.
1050 227 1225 251 morsum
1248 220 1382 251 tumor

202 279 423 326 insequitur
458 282 499 313 et
534 279 726 326 putrescit
762 276 879 313 locus.
934 278 1017 325 ipse
1052 278 1226 312 cucumis
1260 276 1380 313 odore

202 337 404 375 defectum
440 341 557 374 animi
593 337 758 374 refovet.
813 343 945 374 coctos
979 337 1297 374 deraso'cortice
1331 350 1380 374 ex

203 399 302 441 ole0‚
329 406 444 436 aceto
471 406 512 436 et
538 399 655 436 melle
682 400 932 436 iucundiores
961 412 1047 435 esse
1074 404 1229 435 certum
1255 404 1328 435 est.

254 461 342 498 VII.
373 461 588 498 Cucurbita
601 474 760 511 quoque
773 461 961 498 silvestris
977 462 1190 504 invenitur,
1203 457 1378 513 σομφάς.

202 535 225 558 a
257 522 418 559 Graecis
435 522 650 572 appellata,
682 525 788 559 intus
806 523 821 546 1
852 524 992 565 inanis,
1013 521 1119 558 unde
1149 527 1191 558 et
1220 535 1380 566 nomen,

203 583 355 633 digitali
394 584 667 627 crassitudine,
706 597 784 621 non
827 586 898 620 nisi
937 586 977 620 in
1014 585 1163 620 saxosis
1203 597 1379 621 nascens,

202 644 316 681 huius
359 645 701 682 conmanducatae
743 658 858 682 sucus
913 644 1118 682 stomacho
1165 645 1381 682 admodum

202 706 376 756 prodest.

255 768 367 805 VIII.
399 767 652 819 Colocynthis
683 774 846 805 vocatur
865 768 954 811 alia,
975 770 1060 818 ipsa
1080 767 1198 818 plena
1218 771 1382 812 semine,

202 829 271 866 sed
305 832 430 866 minor
461 843 579 879 quam
611 832 749 866 sativa.
805 829 937 866 utilior
968 829 1115 879 pallida
1146 843 1264 879 quam
1296 829 1382 866 her-

202 891 337 927 bacea.
393 891 569 928 arefacta
588 904 658 940 per
673 904 716 928 se
732 894 859 928 inanit
876 892 1019 928 alvum.
1076 890 1206 928 infusa
1222 905 1381 941 quoque

202 952 437 1002 clysteribus
468 955 746 990 intestinorum
779 954 959 989 omnibus
992 955 1094 989 vitiis
1125 953 1310 990 medetur
1341 959 1383 990 et

203 1017 356 1050 renium
397 1020 438 1051 et
477 1014 700 1051 lumborum
741 1020 782 1051 et
821 1014 1006 1064 paralysi.
1064 1016 1193 1050 eiecto
1232 1017 1382 1051 semine

203 1089 306 1125 aqua
323 1076 449 1112 mulsa
465 1078 504 1112 in
523 1089 569 1112 ea
582 1076 818 1126 decoquitur
835 1075 885 1112 ad
899 1075 1093 1120 dimidias,
1112 1078 1165 1112 sic
1182 1078 1383 1112 tutissimo

203 1136 467 1174 infunduntur
502 1138 604 1174 oboli
643 1143 845 1187 quattuor.
901 1137 1065 1187 prodest
1102 1143 1143 1174 et
1179 1137 1383 1174 stomacho

203 1197 353 1235 farinae
389 1199 523 1235 aridae
558 1199 686 1249 pilulis
721 1213 811 1236 cum
846 1199 1012 1236 decocto
1048 1199 1166 1235 melle
1201 1201 1381 1248 sumptis,

203 1262 243 1296 in
260 1261 398 1297 morbo
416 1263 525 1310 regio
543 1264 695 1297 semina
717 1263 799 1298 eius
824 1274 880 1297 vu
905 1267 1116 1297 sumuntur
1141 1266 1183 1297 et
1202 1263 1382 1310 protinus

205 1335 309 1371 aqua
348 1322 487 1358 mulsa.
542 1336 679 1359 carnes
722 1326 804 1360 eius
845 1335 935 1359 cum
976 1322 1175 1359 absinthio
1217 1335 1261 1358 ac
1301 1322 1382 1359 sale

203 1383 385 1420 dentium
434 1384 610 1420 dolorem
649 1384 809 1427 tollunt,
846 1397 961 1420 sucus
998 1396 1091 1420 vero
1128 1397 1218 1420 cum
1266 1389 1382 1420 aceto

203 1444 418 1482 calefactus
445 1445 609 1482 mobiles
634 1449 750 1482 sistit.
805 1448 904 1482 item
929 1448 1066 1495 spinae
1092 1451 1133 1482 et
1158 1445 1382 1482 lumborum

204 1519 249 1543 ac
294 1507 554 1543 coxendicum
601 1507 769 1551 dolores,
815 1520 905 1544 cum
952 1507 1038 1544 oleo
1085 1509 1115 1543 si
1163 1506 1380 1543 infricetur.

205 1574 428 1617 praeterea,
455 1571 597 1605 mirum
625 1569 748 1611 dictu,
775 1571 927 1605 semina
955 1571 1037 1605 eius
1064 1571 1093 1604 si
1123 1567 1271 1605 fuerint
1297 1570 1381 1618 pari

205 1643 369 1666 numero
389 1633 427 1666 in
447 1630 570 1667 linteo
587 1630 804 1679 adalligata
817 1629 993 1667 febribus
1012 1630 1181 1666 liberare
1196 1630 1382 1667 dicuntur

205 1704 302 1740 quas
349 1692 488 1728 Graeci
540 1692 758 1741 periodicas
803 1698 958 1729 vocant.
1013 1691 1173 1728 Sativae
1223 1704 1382 1741 quoque

205 1752 370 1789 derasae
393 1767 507 1790 sucus
530 1753 757 1803 tepefactus
781 1754 940 1790 auribus
963 1753 1162 1796 medetur,
1185 1766 1275 1789 caro
1299 1756 1381 1789 eius

205 1815 368 1851 interior
387 1817 471 1851 sine
491 1818 642 1851 semine
662 1815 779 1851 clavis
800 1815 948 1864 pedum
970 1821 1011 1851 et
1030 1816 1381 1864 suppurationibus

534 1893 543 1911 ¹
570 1895 661 1924 intus
679 1905 741 1925 om.
755 1894 824 1934 sere
842 1905 952 1924 omnes·
969 1893 1058 1924 codd.

379 1982 393 1997 ⁰
416 1979 475 2010 Le.
493 1979 592 2010 three
608 1977 662 2010 for
679 1980 839 2016 tertians,
858 1979 938 2010 four
953 1977 1006 2009 for
1023 1983 1204 2018 quartans.

211 2051 254 2076 10
