1469 2299
88 511 149 541 253

88 1151 149 1180 254

380 84 572 120 PLINY:
620 84 880 122 NATURAL
913 85 1147 121 HISTORY

180 185 447 222 Menandrum
479 185 628 222 faciunt
661 188 802 222 mariti.
858 186 1061 222 stomacho
1100 187 1238 223 inutile
1278 194 1349 224 est.

176 246 357 275 ventrem
397 239 498 275 adeo
537 240 673 275 turbat
715 245 758 275 ut
798 239 995 275 choleram
1038 240 1154 275 faciat
1198 240 1348 289 aliquis.

177 293 319 328 dicitur
356 299 491 328 tamen
534 292 720 328 adversus
762 296 984 341 scorpiones
1023 299 1160 341 potum
1205 306 1225 329 e
1264 297 1352 329 vino

178 346 378 395 prodesse,
424 346 541 381 clavis
589 345 734 395 pedum
783 346 905 388 inlini,
954 349 1048 382 item
1098 346 1263 382 lienibus
1312 354 1349 382 et

177 406 402 447 temporum
442 399 562 435 dolori
604 412 652 435 ex
692 399 790 435 oleo.
849 399 1111 448 Hippocrates
1151 406 1351 436 menstrua

176 455 257 489 sisti
287 465 333 488 eo
359 453 445 488 cibo
473 458 600 500 putat.

228 505 367 542 XCIV.
401 505 538 541 Meum
566 508 604 540 in
635 505 748 541 ltalia
775 518 851 541 non
877 508 947 541 nisi
976 518 997 541 a
1024 506 1185 541 medicis
1211 509 1354 542 seritur

178 564 220 595 et
244 558 301 594 hi<
327 559 540 594 admodum
565 561 711 607 paucis.
767 558 845 594 duo
870 571 1018 607 genera
1044 562 1147 595 eius:
1188 559 1353 595 nobilius

178 611 504 648 Athamanticum
540 611 600 647 vel
637 611 942 648 Athamanicum
978 619 1132 655 vocant,
1168 612 1218 647 illi
1253 619 1349 648 tam-

177 678 295 713 quam
319 666 368 701 ab
390 665 636 701 Athamante
658 668 877 703 inventum,
899 665 935 700 hi
959 668 1144 714 quoniam
1167 665 1351 702 laudatis-

179 721 319 754 simum
351 721 388 753 in
420 717 658 754 Athamania
689 721 921 766 reperiatur.
952 718 1052 754 foliis
1081 732 1200 754 aneso
1229 719 1354 755 simile

179 778 219 807 et
235 772 347 807 caule
364 771 576 820 aliquando
592 772 796 820 bipedali)
817 772 1010 808 radicibus
1033 772 1165 807 multis
1187 772 1354 821 obliquis

178 827 311 874 nigriS‚
338 825 574 874 quibusdam
604 831 643 861 et
671 825 773 868 altis,
801 828 928 860 minu<
956 824 1084 861 rufum
1113 839 1231 874 quam
1259 826 1353 862 illud

178 878 359 914 alterum.
416 881 567 914 urinam
590 880 667 914 ciet
696 881 733 913 in
755 891 856 927 aqua
880 884 974 926 pota
990 881 1003 901 2
1026 878 1157 914 radice
1178 882 1273 915 trita
1293 879 1353 915 vel

177 930 355 974 decocta,
377 930 600 967 inflationes
622 931 812 967 stomachi
838 934 934 967 mire
956 931 1131 973 discutit,
1155 935 1251 968 item
1274 939 1352 968 tor-

179 987 285 1020 mina
320 990 361 1020 et
395 987 547 1020 vesicae
583 987 675 1020 vitia
711 985 1005 1033 vulvarumque.
1061 986 1233 1021 articulis
1266 999 1354 1021 cum

178 1037 307 1080 melle,
331 1037 546 1074 infantibus
569 1051 658 1073 cum
681 1040 770 1086 apio
793 1038 946 1074 inlitum
972 1041 1049 1074 imo
1072 1041 1197 1075 ventri
1222 1041 1352 1076 urinas

175 1096 321 1127 movet.

228 1143 344 1180 XCV.
378 1143 605 1180 Feniculum
641 1144 900 1181 nobilitavere
933 1151 1139 1193 serpentes
1174 1151 1352 1194 gustatu,

178 1203 222 1233 ut
251 1197 435 1237 diximus,
466 1204 668 1234 senectam
701 1198 884 1234 exuendo
914 1198 1195 1247 oculorumque
1226 1202 1351 1235 aciem

177 1264 270 1287 suco
313 1253 395 1287 eius
440 1251 664 1288 reficiendo.
708 1252 813 1287 unde
858 1251 1104 1287 intellectum
1149 1251 1351 1288 hominum

179 1317 337 1353 quoque
378 1304 587 1353 caliginem
629 1307 840 1366 praecipue
883 1318 929 1340 eo
971 1305 1041 1341 lev·
1034 1307 1101 1341 iri.
1157 1305 1353 1354 colligitur

180 1356 241 1393 hic
271 1357 383 1394 caule
413 1364 669 1405 tumescente
701 1364 741 1394 et
774 1361 812 1393 in
851 1358 931 1394 sole
969 1360 1137 1394 siccatur
1175 1361 1354 1408 inungui—

178 1417 323 1460 turque
340 1423 387 1447 ex
405 1388 534 1447 melle.
538 1411 554 1433 ³
585 1411 901 1448 laudatissimus
892 1425 930 1447 in
950 1412 1112 1448 Hiberia
1129 1424 1149 1447 e
1167 1411 1355 1448 lacrimis·
1347 1440 1356 1455 ,

228 1479 238 1497 ¹
264 1480 411 1520 bipedali
427 1481 517 1511 codd.
534 1486 561 1511 e!
579 1481 699 1521 Dellef.
698 1491 761 1511 en:
789 1481 944 1521 bipedale
961 1481 1123 1522 Jlayhoff.

225 1522 238 1540 ²
261 1529 345 1563 pota
365 1523 532 1563 Jl‘tuhoff:
557 1528 678 1564 potum
696 1523 870 1563 Detlefxen.

186 1565 339 1638 [fleas-1
368 1565 467 1596 melle
495 1567 585 1597 codd.
612 1567 739 1607 ubique
764 1567 827 1597 hoc
853 1568 906 1596 est>
932 1567 1066 1604 haben13
1104 1566 1195 1597 uncis
1221 1566 1355 1597 inclusit

220 1619 235 1638 r
251 1619 276 1638 cc
289 1619 326 1638 ιθ.

225 1680 238 1694 ‘¹
263 1675 333 1706 Not
352 1676 480 1706 Asiatic
498 1675 643 1711 cholera,
664 1676 726 1706 but
745 1676 879 1706 cholera
897 1680 1041 1707 nostras.

227 1718 239 1737 ¹⁷
263 1718 356 1748 With
376 1718 434 1749 the
453 1719 591 1759 reading
609 1718 647 1749 of
662 1719 815 1759 Mayhost
831 1731 837 1749 z
871 1720 890 1730 ‘⁴
906 1719 956 1750 Its
977 1720 1087 1750 leaves
1105 1719 1173 1750 and
1191 1723 1279 1750 stem
1298 1730 1354 1750 are

180 1761 247 1792 like
264 1761 362 1791 those
379 1761 417 1791 of
431 1762 535 1797 anise,
554 1761 620 1791 and
640 1762 666 1792 it
684 1762 721 1797 is,
739 1761 831 1792 etc.''

225 1809 236 1823 ⁰
259 1804 329 1834 The
356 1805 596 1844 punctuation,
623 1804 699 1834 that
727 1804 766 1834 of
789 1804 934 1839 Urlichs,
961 1805 1109 1844 requires
1135 1804 1291 1836 inlinitur
1317 1809 1354 1835 to

183 1847 221 1877 be
241 1847 448 1877 understood
470 1848 501 1877 in
523 1847 582 1877 the
601 1847 675 1877 first
694 1846 806 1878 clause
826 1847 912 1877 from
932 1847 1067 1878 inlitum
1086 1849 1118 1878 in
1140 1848 1198 1878 the
1217 1848 1352 1879 second.

179 1890 251 1920 The
272 1889 370 1919 usual
392 1890 632 1929 punctuation,
654 1900 788 1920 comma
809 1894 846 1920 at
868 1889 949 1920 vitia
971 1890 1038 1920 and
1060 1900 1104 1921 no
1126 1895 1205 1931 stop
1227 1894 1264 1921 at
1286 1890 1352 1921 val-

181 1943 365 1972 varamque,
383 1933 531 1972 requires
547 1932 606 1962 the
622 1932 724 1962 latter
739 1937 776 1962 to
790 1932 923 1973 depend
938 1943 979 1963 on
994 1932 1156 1968 articulis,
1170 1943 1213 1963 an
1229 1933 1354 1964 almost

179 1975 374 2015 impossible
395 1976 615 2014 conjunvtion
639 1975 678 2005 of
698 1975 816 2006 words.
996 1975 1010 1994 '¹
1037 1976 1130 2006 Book
1152 1975 1249 2007 VIII.
1270 1977 1351 2015 §98,

183 2026 250 2067 148
