1469 2299
394 100 586 136 PLINY:
632 98 892 136 NATURAL
925 98 1158 136 HISTORY

97 209 153 240 151
185 206 282 239 item
313 202 416 239 sedis
447 205 562 238 vitiis.
618 204 888 251 intertrigines
919 214 1091 249 quoque,
1122 201 1182 237 vel
1213 203 1243 237 si
1274 207 1361 237 ten-

187 263 301 293 eatur
344 262 517 298 tantum,
561 254 758 304 prohibet.
814 254 971 290 auribus
1016 254 1229 290 instillatur
1272 268 1361 290 cum

187 310 324 346 mulso.
380 311 490 345 aiunt
513 315 553 345 et
573 308 665 344 lieni
685 307 836 344 mederi
857 320 945 343 eam
966 309 1004 342 in
1024 306 1139 343 horto
1158 313 1362 356 gustatam

186 365 243 399 ita
260 376 310 398 ne
327 362 508 405 vellatur,
526 364 557 398 si
574 364 604 397 is
622 364 689 410 qui
707 360 888 397 mordeat
905 360 1011 397 dicat
1029 374 1070 396 se
1089 360 1180 396 lieni
1197 360 1362 404 mederi,

187 429 258 465 per
282 415 365 452 dies
395 428 498 458 vnn,
523 415 656 451 aridae
685 427 844 463 quoque
873 413 1040 449 farinam
1069 414 1195 450 tribus
1224 413 1358 463 digitis

188 468 477 518 adprehensam
511 474 551 504 et
584 467 776 504 stomachi
809 467 984 503 dolorem
1017 467 1156 503 sedare
1189 469 1228 502 in
1260 480 1362 516 aqua

188 529 229 558 et
249 522 429 558 similiter
449 534 609 571 aspersa
632 523 794 570 potione
812 520 826 544 1
847 523 994 556 ventris
1020 520 1204 556 animalia
1229 521 1362 570 expel-

186 576 277 611 lere.

102 634 160 664 152
240 628 342 664 LIV.
374 627 525 677 Magna
570 630 737 664 societas
782 640 871 663 cum
916 625 989 663 hac
1034 626 1084 663 ad
1128 626 1362 663 recreandos

188 681 366 718 defectos
392 684 523 717 animo
547 681 678 730 puleio
703 694 792 717 cum
817 680 979 717 surculis
1004 682 1082 716 suis
1107 683 1147 716 in
1172 680 1363 729 ampullas

189 738 333 771 vitreas
353 737 454 771 aceti
476 737 655 783 utrisque
675 734 851 770 deiectis.
907 746 985 782 qua
1005 733 1055 770 de
1074 746 1192 769 causa
1211 733 1365 783 dignior

191 801 211 823 e
231 788 362 836 puleio
381 801 524 824 corona
543 787 707 823 Varroni
727 800 847 837 quam
868 800 889 823 e
909 800 996 823 rosa
1015 786 1202 823 cubiculis
1223 789 1363 824 nostris

189 843 446 890 pronuntiata
487 847 561 884 est,
603 854 695 877 nam
737 847 778 877 et
818 842 958 889 capitis
999 840 1153 876 dolores
1194 842 1364 889 inposita

188 895 331 931 dicitur
364 894 509 937 levare,
542 897 636 943 quin
671 900 712 930 et
745 892 893 930 olfactu
925 896 1057 942 capita
1089 896 1193 930 tueri
1225 899 1363 930 contra

189 947 377 997 frigorum
395 954 609 997 aestusque
626 949 807 984 iniuriam
825 953 865 983 et
884 947 933 983 ab
950 949 1013 983 siti
1030 947 1215 990 traditur,
1232 960 1363 996 neque

189 1008 372 1038 aestuare
408 1014 473 1037 eos
509 1004 575 1050 qui
610 1001 707 1037 duos
744 1014 765 1037 e
799 1000 931 1049 puleio
965 1000 1137 1037 surculos
1173 1003 1362 1049 inpositos

189 1055 346 1091 auribus
366 1057 406 1090 in
425 1055 505 1091 sole
525 1054 713 1090 habeant.
768 1054 945 1090 inlinitur
965 1056 1086 1090 etiam
1106 1056 1146 1090 in
1164 1053 1362 1090 doloribus

104 1113 159 1143 153
187 1121 276 1144 cum
296 1108 459 1156 polenta
479 1114 519 1144 et
539 1114 664 1144 aceto.
721 1106 869 1144 femina
888 1107 1090 1143 efficacior.
1147 1113 1207 1143 est
1227 1113 1362 1143 autem

189 1161 286 1197 haec
302 1161 397 1198 flore
412 1174 621 1210 purpureo.
671 1174 754 1197 mas
770 1160 982 1197 candidum
1000 1159 1136 1197 habet.
1180 1162 1363 1197 nausias2

188 1228 278 1251 cum
309 1214 390 1251 sale
423 1221 464 1251 et
495 1214 658 1264 polenta
691 1217 729 1250 in
762 1213 905 1264 frigida
936 1227 1039 1263 aqua
1070 1220 1166 1262 pota
1197 1213 1364 1258 inhibet,

188 1271 241 1304 sic
262 1274 303 1304 et
330 1269 529 1317 pectoris³
558 1268 747 1311 dolorem,
780 1267 971 1304 stomachi
1002 1273 1139 1303 autem
1168 1280 1216 1303 ex
1247 1280 1361 1316 aqua.

190 1324 286 1358 item
327 1324 499 1358 rosiones
540 1324 643 1358 sistit
685 1327 726 1357 et
766 1323 999 1357 vomitiones
1039 1334 1129 1357 cum
1169 1326 1282 1357 aceto
1323 1326 1365 1357 et

189 1374 364 1423 polenta,
396 1374 527 1411 alvum
558 1374 672 1411 solvit
705 1387 754 1410 ex
785 1374 866 1411 sale
898 1380 939 1411 et
970 1380 1084 1410 aceto
1116 1379 1157 1410 et
1188 1374 1362 1423 polenta.

190 1430 468 1464 intestinorum
509 1430 604 1464 vitia
645 1427 762 1464 melle
803 1428 968 1464 decocta
1009 1433 1050 1464 et
1091 1430 1194 1463 nitro
1235 1433 1363 1471 sanat,

189 1484 342 1517 urinam
363 1481 475 1530 pellit
499 1495 546 1518 ex
570 1484 659 1517 vino
681 1487 736 1524 et,
758 1483 789 1517 si
811 1482 1024 1517 Amineum
1047 1483 1111 1524 sit,
1134 1487 1175 1517 et
1196 1480 1364 1517 calculos

102 1538 162 1570 154
190 1541 230 1571 et
272 1537 478 1572 interiores
519 1548 654 1571 omnes
696 1534 862 1571 dolores.
918 1547 967 1571 ex
1008 1533 1125 1570 melle
1167 1540 1209 1570 et
1249 1540 1363 1571 aceto

190 1588 306 1625 sedat
335 1594 540 1625 menstrua
572 1594 613 1625 et
644 1588 850 1631 secundas,
882 1587 1014 1624 vulvas
1045 1600 1251 1624 conversas
1281 1600 1363 1624 cor-

292 1690 304 1708 1
327 1690 460 1730 potioni
477 1688 595 1728 Silliqz
625 1690 660 1720 in
677 1690 851 1729 potionem
871 1689 950 1729 vulq.

293 1734 305 1753 ²
327 1733 414 1765 Ante
431 1734 569 1764 nausias
586 1731 702 1772 leqitur
722 1734 754 1763 in
770 1732 806 1763 in
825 1733 915 1764 codd.
932 1745 938 1763 :
971 1733 1053 1763 item
1074 1732 1237 1773 Mayhoff.

291 1776 303 1795 ³
326 1776 406 1808 Post
418 1777 566 1817 pectoris
580 1776 664 1816 vulq.
680 1781 708 1807 el
723 1775 887 1816 Detles-sen
901 1786 940 1806 ac
956 1776 1084 1806 ventris
1098 1776 1172 1806 add.

236 1888 251 1904 ⁰
273 1882 343 1914 The
358 1882 593 1913 emendations
608 1881 717 1913 would
734 1892 832 1912 mean
849 1881 868 1894 “
883 1881 1055 1922 sprinkled
1071 1882 1143 1912 into
1158 1881 1294 1913 drink.”

234 1925 247 1945 ὸ
270 1926 433 1967 Perhaps,
454 1927 474 1939 “
488 1925 645 1967 purple.'’
689 1926 797 1956 There
818 1927 845 1957 is
866 1926 984 1967 nearly
1004 1925 1132 1966 always
1153 1936 1172 1957 a
1193 1926 1360 1967 difficulty

190 1970 225 2001 in
241 1969 448 2010 translating
461 1980 661 2010 purpureus.

186 2030 234 2067 88
