1469 2299
176 241 217 271 84

177 562 217 591 85

178 1095 218 1125 86

178 1363 217 1394 87

445 133 639 171 PLINY:
684 134 946 171 NATURAL
979 134 1214 172 HISTORY

244 234 441 285 ellychnia
477 249 525 272 ex
562 249 638 272 uva
654 235 669 258 ¹
705 235 807 273 fiunt
841 236 1033 273 claritatis
1069 240 1323 286 praecipuae,
1361 250 1411 274 ex

244 288 331 325 oleo
375 289 509 325 lumen
549 290 762 326 obscurum
801 296 966 339 propter
1005 293 1168 326 nimiam
1208 293 1414 340 pinguitu-

245 342 392 378 dinem.
447 342 541 379 folia
564 345 647 393 igni
670 356 780 379 sacro
804 343 1026 380 inlinuntur
1051 356 1098 379 ex
1125 350 1254 388 aceto,
1278 357 1350 393 per
1373 357 1415 380 se

246 401 382 432 autem
400 399 578 432 recentia
595 399 778 432 mammis
796 402 838 433 et
855 396 1069 445 epiphoris,
1088 397 1231 434 eadem
1248 397 1415 434 decocta

245 452 284 485 in
303 451 393 485 vino
412 449 792 486 inflammationibus
812 463 903 486 cum
921 450 1086 499 polenta
1105 456 1147 486 et
1164 450 1178 473 ²
1197 464 1324 494 eroco,
1344 464 1416 500 per

245 515 286 539 se
307 508 444 539 autem
464 503 596 540 triduo
616 506 789 552 inposita
809 503 953 539 faciem
972 509 1160 553 purgant.

298 556 427 592 XLII.
459 556 604 593 Oleum
617 557 916 606 amygdalinum
930 563 1090 606 purgat,
1101 557 1228 593 mollit
1239 570 1415 606 corpora,

245 615 380 645 cutem
400 616 558 659 erugat,
576 613 749 646 nitorem
767 610 1038 654 commendat,
1057 623 1168 647 varos
1187 624 1277 646 cum
1296 610 1414 647 melle

246 663 351 699 tollit
375 676 396 699 e
422 663 536 699 facie.
591 664 755 712 prodest
784 669 826 700 et
854 664 1014 700 auribus
1043 677 1133 700 cum
1161 677 1321 700 rosaceo
1346 670 1416 701 aut

246 716 363 752 melle
393 722 434 753 et
462 717 555 753 mali
584 719 716 766 punici
743 720 923 766 tegmine
940 717 955 739 3
975 717 1200 761 decoctum,
1222 720 1414 754 vermicu-

246 769 383 818 losque
414 772 453 806 in
483 770 542 806 his
573 776 692 806 necat
715 776 756 806 et
785 773 1028 820 gravitatem
1054 771 1214 807 auditus
1237 771 1415 814 discutit,

246 837 361 859 sonos
391 826 562 860 incertos
594 830 635 860 et
660 827 844 867 tinnitus,
867 825 997 860 obiter
1016 827 1157 873 capitis
1186 824 1341 861 dolores
1373 830 1415 861 et

246 877 461 913 oculorum.
517 877 705 914 medetur
729 877 948 914 furunculis
976 883 1018 914 et
1044 891 1067 913 a
1092 877 1174 914 sole
1200 880 1298 914 ustis
1324 891 1414 914 cum

246 943 347 966 cera.
415 931 547 967 ulcera
600 934 807 967 manantia
856 936 897 967 et
951 930 1124 968 furfures
1179 944 1269 967 cum
1324 934 1414 968 vino

247 990 459 1033 expurgat,
483 984 766 1034 condylomata
790 998 880 1020 cum
910 984 1098 1021 meliloto.
1155 998 1226 1034 per
1253 997 1295 1021 se
1325 997 1417 1021 vero

245 1040 365 1086 capiti
386 1038 544 1074 inlitum
565 1051 748 1074 somnum
769 1038 915 1074 adlicit.

297 1090 448 1127 XLIII.
480 1091 627 1128 Oleum
670 1091 868 1128 laurinum
912 1091 1047 1128 utilius
1091 1104 1170 1140 quo
1213 1094 1414 1128 recentius

246 1157 406 1193 quoque
429 1145 590 1181 viridius
611 1145 753 1182 colore.
810 1148 866 1181 vis
897 1147 980 1181 eius
1012 1144 1306 1188 excalfactoria,
1327 1145 1418 1181 ideo

247 1198 490 1247 paralyticis,
520 1201 716 1247 spasticis,
745 1198 980 1242 ischiadicis,
1010 1199 1248 1248 suggillatis,
1276 1201 1417 1248 capitis

245 1251 460 1295 doloribus,
503 1254 739 1289 inveteratis
781 1252 1132 1296 destillationibus,
1175 1252 1336 1289 auribus
1377 1254 1417 1288 in

246 1305 381 1354 calyce
401 1308 534 1354 punici
556 1305 771 1342 calfactum
790 1306 981 1342 inlinitur.

298 1358 441 1395 XLIV.
472 1358 616 1395 Similis
635 1365 676 1395 et
692 1362 838 1409 myrtei
855 1359 932 1395 olei
948 1361 1063 1395 ratio.
1112 1358 1340 1408 adstringit,
1357 1361 1416 1394 in-

245 1411 378 1455 durat,
394 1412 584 1449 medetur
599 1415 784 1462 gingivis,
801 1413 984 1449 dentium
1001 1412 1139 1456 dolori,
1156 1412 1417 1462 dysinteriae,

245 1465 383 1501 volvae
397 1466 666 1510 exulceratae,
678 1469 831 1510 vesicis,
844 1466 1040 1503 ulceribus
1051 1468 1221 1502 vetustis
1235 1465 1295 1502 vel
1307 1478 1417 1502 man-

247 1520 407 1556 antibus
425 1533 512 1556 cum
531 1533 699 1569 squama
715 1523 816 1556 aeris
834 1525 876 1556 et
891 1532 996 1563 cera,
1009 1521 1108 1556 item
1124 1519 1416 1568 eruptionibus,

296 1596 308 1615 ¹
332 1607 399 1627 uva
416 1597 517 1634 codd„
535 1597 603 1628 edd.
621 1610 628 1628 z
653 1597 792 1637 sortasse
809 1597 894 1628 fibra
911 1596 958 1628 vel
974 1596 1101 1637 aliquid
1117 1596 1234 1628 simile.

294 1638 306 1657 ²
331 1644 365 1671 et
383 1639 466 1680 vzzly.
484 1645 557 1671 aule
575 1640 674 1681 Silliq
689 1653 695 1671 :
726 1651 788 1671 om.
808 1641 909 1677 codd„
927 1640 1104 1681 Dedessen,
1122 1638 1284 1679 Mayhoff.

295 1682 308 1701 ³
331 1684 481 1724 tegmine
509 1693 582 1714 cum
611 1689 668 1715 vec.
699 1683 775 1714 Dal.
805 1683 913 1724 Silligy,
948 1682 1123 1723 Mayhoff:
1165 1683 1314 1724 germine
1339 1691 1413 1713 cum

265 1726 354 1757 codd.
374 1727 553 1768 Dellefsen.

285 1824 298 1838 ‘²
321 1820 374 1851 No
391 1821 547 1861 meaning
562 1820 600 1850 of
614 1829 673 1851 uva
689 1820 774 1851 suits
789 1820 857 1851 this
872 1830 1023 1861 passage.
1071 1819 1220 1850 Bostock
1235 1818 1303 1850 and
1319 1818 1418 1860 Riley

244 1874 303 1904 say
322 1864 399 1894 that
420 1864 439 1875 ‘⁸
455 1863 621 1903 probably
639 1863 698 1894 the
716 1863 810 1894 seeds
829 1873 913 1894 were
933 1862 1055 1893 beaten
1073 1873 1120 1903 up
1137 1863 1210 1893 into
1228 1872 1248 1892 a
1266 1862 1349 1903 pulp
1366 1861 1419 1892 for

242 1907 309 1937 this
328 1906 509 1947 purpose.'‘
557 1906 626 1937 But
643 1916 707 1936 uva
727 1910 852 1937 cannot
871 1916 970 1937 mean
988 1905 1094 1942 seeds,
1113 1915 1175 1936 nor
1190 1906 1219 1936 is
1238 1906 1265 1935 it
1283 1915 1363 1945 easy
1380 1908 1418 1935 to

244 1949 342 1980 make
360 1950 461 1980 wicks
477 1949 562 1980 from
583 1948 707 1990 pulped
727 1949 832 1980 seeds.
871 1949 942 1980 The
955 1952 1032 1980 true
1049 1948 1188 1989 reading
1206 1948 1233 1979 is
1252 1946 1417 1988 probably

243 1993 318 2023 lost.

245 2065 315 2100 470
