1469 2299
148 284 187 314 64

154 820 194 849 65

422 121 615 160 PLINYx
660 121 919 159 NATURAL
954 121 1183 158 HISTORY

212 237 353 274 specus
386 226 566 273 sequitur
599 229 641 260 et
675 237 770 259 saxa
805 225 1021 266 manantia,
1051 222 1157 272 quod
1186 224 1386 264 miremur,

212 291 302 314 cum
340 291 462 327 aquas
500 291 577 314 non
613 279 773 313 sentiat.
829 276 996 312 calculos
1034 288 1055 311 e
1092 289 1253 324 corpore
1290 277 1386 311 mire

213 331 326 381 pellit
344 331 586 381 frangitque,
606 333 745 380 utique
765 332 935 379 nigrum,
955 343 1033 378 qua
1052 329 1101 365 de
1120 342 1238 365 causa
1258 331 1388 377 potius

215 398 334 434 quam
359 385 463 434 quod
488 387 528 420 in
551 386 654 420 saxis
679 389 909 420 nasceretur
933 396 954 418 a
979 384 1120 419 nostris
1144 381 1388 431 saxifragum

215 438 460 487 appellatum
503 438 750 474 crediderim.
805 437 954 473 bibitur
998 449 1019 472 e
1063 438 1151 472 vino
1194 441 1387 484 quantum

214 494 317 528 terni
341 491 576 540 decerpsere
602 491 729 540 digiti.
785 492 938 526 urinam
954 490 966 512 ¹
998 491 1117 532 cient,
1144 491 1389 538 serpentium

216 551 258 582 et
299 558 533 581 araneorum
577 546 738 580 venenis
780 546 984 585 resistunt,
1025 545 1064 578 in
1107 544 1195 578 vino
1237 542 1389 578 decocti

216 598 347 635 alvum
373 601 531 635 sistunt.
586 600 726 646 capitis
752 597 906 633 dolores
932 609 1074 632 corona
1101 608 1149 631 ex
1176 595 1234 631 his
1261 595 1388 632 sedat.

216 658 351 689 contra
378 651 660 700 scolopendrae
686 664 837 687 morsus
862 649 1095 692 inlinuntur,
1120 649 1257 685 crebro
1283 648 1391 685 aufe-

217 705 329 741 rendi
368 718 417 742 ne
456 711 660 754 perurant,
700 704 772 741 hoc
812 709 853 740 et
891 706 930 739 in
969 702 1165 752 alopeciis.
1220 707 1391 738 strumas

218 759 436 795 discutiunt
465 758 718 807 furfuresque
747 760 787 794 in
817 756 917 793 facie
948 762 990 793 et
1018 758 1158 805 capitis
1188 757 1393 792 manantia

221 812 363 849 ulcera.
419 812 628 848 decoctum
676 824 725 848 ex
771 810 830 847 his
877 809 1040 859 prodest
1086 811 1305 858 suspiriosis
1352 814 1394 845 et

218 868 377 903 iocineri
420 871 461 902 et
504 866 594 901 lieni
639 870 681 902 et
723 863 815 901 felle
857 863 1028 900 subfusis
1071 868 1114 899 et
1154 862 1391 913 hydropicis.

218 921 467 969 stranguriae
509 919 729 955 inlinuntur
769 923 811 954 et
850 917 1010 954 renibus
1051 929 1141 952 cum
1182 914 1391 952 absinthio.

219 973 412 1010 secundas
438 975 545 1009 cient
572 978 612 1009 et
638 977 856 1008 menstrua.
911 972 1146 1020 sanguinem
1172 971 1319 1006 sistunt
1344 981 1393 1005 ex

220 1033 333 1063 aceto
352 1032 422 1063 aut
439 1027 525 1063 rubi
545 1040 637 1062 suco
655 1028 751 1074 poti.
806 1023 979 1061 infantes
999 1035 1157 1073 quoque
1176 1022 1393 1059 exulcerati

220 1086 498 1130 perunguntur
514 1093 562 1116 ex
579 1082 623 1115 iis
640 1093 729 1115 cum
745 1091 904 1115 rosaceo
922 1083 964 1114 et
978 1080 1068 1113 vino
1084 1079 1202 1126 prius.
1257 1075 1394 1112 folium

220 1137 259 1170 in
275 1134 290 1157 2
313 1136 425 1170 urina
452 1136 563 1183 pueri
591 1133 760 1182 inpubis,
785 1134 925 1168 tritum
952 1131 1113 1180 quidem
1140 1143 1230 1166 eum
1256 1129 1396 1179 aphro-

221 1190 324 1224 nitro
360 1193 402 1224 et
437 1187 593 1223 inlitum
630 1188 757 1223 ventri
793 1185 1004 1221 mulierum
1040 1197 1089 1220 ne
1125 1196 1291 1233 rugosus
1327 1183 1397 1219 fiat

222 1247 425 1291 praestare
463 1241 618 1277 dicitur.
674 1239 852 1289 perdices
891 1244 932 1275 et
969 1238 1207 1288 gallinaceos
1244 1250 1394 1286 pugna-

221 1298 344 1332 ciores
365 1294 448 1330 fieri
470 1299 615 1343 putant
635 1296 673 1330 in
693 1294 825 1330 cibum
847 1305 983 1329 eorum
1004 1291 1163 1334 additis,
1184 1292 1396 1340 pecorique

222 1361 308 1386 esse
338 1348 577 1385 utilissimos.

274 1450 285 1469 ¹
308 1451 395 1482 Ante
415 1451 546 1481 urinam
567 1449 725 1481 excidisse
744 1449 923 1522 utriuszjue
942 1447 1064 1479 ramuli
1083 1451 1177 1487 putat
1197 1445 1361 1487 Maylwff.

273 1494 286 1513 ²
308 1494 413 1535 prius.
429 1493 549 1524 folium
566 1494 599 1524 in
616 1492 701 1533 vulq.
718 1504 724 1522 :
751 1492 843 1522 virus
873 1491 931 1522 olii
946 1492 980 1522 in
999 1489 1162 1531 Mayhoff.

271 1644 284 1659 ‘¹
307 1640 485 1680 Referring
503 1642 540 1670 to
559 1639 618 1669 the
637 1638 711 1669 first
729 1641 889 1669 sentence
907 1636 947 1667 of
960 1636 1020 1667 the
1038 1635 1191 1677 chapter.

273 1684 284 1702 ⁶
308 1684 429 1714 Stones
446 1684 479 1713 in
495 1682 554 1713 the
570 1681 712 1712 bladder
726 1691 783 1712 are
798 1679 917 1711 calculi
931 1683 993 1710 not
1007 1689 1099 1710 saxa.

273 1732 283 1746 ⁶
307 1726 378 1757 The
406 1726 536 1766 change
563 1728 600 1755 to
629 1724 689 1755 the
717 1722 904 1755 masculine
931 1722 1042 1763 plural
1070 1722 1097 1752 is
1125 1720 1205 1752 odd.
1252 1719 1402 1761 Perhaps

227 1770 324 1809 Pliny
346 1769 429 1800 took
451 1767 664 1799 callitrichon
685 1767 754 1797 and
776 1765 993 1807 polytrichon
1015 1775 1052 1796 as
1074 1762 1285 1795 masculines.
1331 1763 1402 1794 The

225 1812 324 1843 other
352 1810 556 1842 alternative
580 1811 606 1841 is
628 1814 666 1841 to
689 1808 901 1840 understand
924 1807 1047 1839 ramuli
1074 1809 1140 1847 (see
1164 1807 1178 1846 ξ
1201 1806 1268 1843 63),
1292 1806 1401 1837 which

226 1854 379 1895 Mayhoff
396 1854 513 1884 thinks
534 1854 594 1883 has
614 1852 716 1883 fallen
737 1853 799 1882 out
819 1852 907 1882 here.

267 1896 281 1916 ἆ
304 1898 376 1928 The
394 1897 532 1936 vulgate
550 1896 689 1936 reading
708 1905 769 1926 can
791 1895 831 1925 be
847 1892 1039 1925 translated
1058 1892 1126 1923 and
1144 1892 1171 1922 is
1189 1891 1276 1932 good
1295 1901 1402 1927 sense,

227 1940 289 1971 but
309 1941 368 1971 the
388 1941 583 1979 conjecture
603 1938 641 1969 of
657 1937 811 1978 Mayhoff
831 1937 948 1968 makes
968 1937 996 1967 it
1015 1934 1163 1977 possible
1182 1938 1219 1965 to
1240 1934 1326 1975 keep
1344 1933 1404 1965 the

220 1983 299 2024 folii
322 1983 361 2014 of
380 1983 439 2014 the
462 1982 556 2014 MSS.
603 1981 638 2012 It
660 1980 773 2012 would
798 1980 838 2011 be
860 1978 1071 2011 translated:
1109 1978 1130 1991 “
1144 1976 1227 2008 with
1250 1987 1324 2008 rose
1347 1975 1402 2007 oil.

227 2052 297 2099 338
