1469 2299
102 627 142 657 33

103 1242 144 1273 34

370 87 564 125 PLINY:
609 87 872 125 NATURAL
905 86 1140 123 HISTORY

169 190 283 226 flores
310 190 582 226 laudatissimi,
638 191 764 238 prima
790 189 973 225 nobilitas
999 188 1133 224 Cilicio
1159 193 1201 224 et
1225 188 1276 224 ibi
1304 190 1343 223 in

169 252 320 301 Coryco
355 257 506 294 monte,
543 251 636 287 dein
673 250 820 300 Lyciae
856 255 993 285 monte
1029 249 1216 300 Olympo,
1252 262 1342 285 mox

169 313 429 362 Centuripino
461 312 626 348 Siciliae.
682 312 800 361 aliqui
832 310 1012 347 Theraeo
1043 310 1260 347 secundum
1291 310 1342 346 lo-

168 388 256 411 cum
308 374 468 411 dedere.
524 373 773 410 adulteratur
823 371 917 408 nihil
968 385 1108 422 aeque.
1164 372 1345 421 probatio

168 439 322 479 sinceri,
363 438 392 472 si
435 438 605 484 inposita
645 448 764 471 manu
806 436 978 483 crepitet
1017 433 1141 470 veluti
1183 432 1345 483 fragile3

170 497 347 534 umidum
388 499 507 538 enim,
547 496 653 546 quod
696 498 830 532 evenit
873 495 1179 538 adulteratione,
1221 495 1342 531 silet.¹

169 559 295 595 altera
316 559 510 608 probatio,
524 561 553 594 si
578 572 697 594 manu
717 557 843 594 relata
857 558 871 580 2
894 557 944 593 ad
957 570 1025 593 ora
1041 556 1184 593 leniter
1204 555 1345 592 faciem

169 621 381 670 oculosque
404 620 597 656 mordeat.
653 626 715 655 est
736 632 806 668 per
827 631 869 655 se
891 631 1016 668 genus
1038 620 1152 654 sativi
1174 617 1346 654 blandis-

169 685 312 718 simum
343 682 473 731 vulgo,
505 694 594 718 cum
625 683 676 717 sit
706 680 918 721 mediocre,
951 679 1157 716 dialeucon
1189 685 1343 716 vocant.

169 749 308 780 contra
326 743 543 793 Cyrenaico
562 745 715 785 vitium,
735 741 841 792 quod
860 744 963 778 omni
984 754 1097 777 croco
1117 743 1264 791 nigrius
1285 746 1346 777 est

171 810 213 841 et
241 804 445 841 celerrime
475 807 693 840 marcescit.
749 806 943 852 optimum
974 803 1212 852 ubicumque
1242 802 1347 852 quod

170 868 472 916 pinguissimum
498 872 540 902 et
563 867 691 902 brevis
716 865 859 914 capilli,
884 867 1098 913 pessimum
1124 877 1216 900 vero
1240 864 1346 914 quod

171 931 291 964 situm
319 928 485 964 redolet.
543 927 753 963 Mucianus
780 932 917 962 auctor
943 931 1005 962 est
1030 928 1069 961 in
1097 925 1219 976 Lycia
1244 939 1347 962 anno

170 992 342 1039 septimo
378 995 448 1026 aut
484 994 624 1026 octavo
660 988 863 1024 transferri
901 989 941 1023 in
977 987 1105 1023 locum
1139 988 1347 1024 subactum

171 1057 293 1101 atque
332 1054 390 1088 ita
429 1051 677 1101 degenerans
712 1051 902 1086 renovari.
958 1062 1049 1085 usus
1089 1051 1171 1085 eius
1208 1051 1248 1084 in
1286 1062 1348 1085 co-

170 1115 274 1149 ronis
300 1126 509 1162 nusquam,
535 1111 659 1148 herba
685 1114 791 1148 enim
817 1116 878 1147 est
903 1110 995 1147 folio
1022 1115 1192 1160 angusto
1218 1123 1346 1160 paene

170 1176 209 1210 in
246 1174 513 1224 capillamenti
551 1173 725 1210 modum.
780 1172 851 1209 sed
887 1175 977 1208 vino
1014 1174 1111 1208 mire
1150 1175 1347 1222 congruit,

170 1239 382 1286 praecipue
408 1236 524 1279 dulci,
550 1238 688 1272 tritum
714 1235 766 1272 ad
789 1234 949 1271 theatra
974 1233 1176 1283 replenda.
1233 1234 1349 1270 floret

171 1298 421 1348 vergiliarum
458 1311 598 1334 occasu
635 1299 769 1346 paucis
807 1296 960 1339 diebus,
999 1295 1172 1345 folioque
1212 1295 1347 1332 florem

222 1401 233 1419 ¹
258 1401 520 1435 adulteratione,
555 1400 643 1431 silet.
677 1399 797 1440 Silziq:
839 1399 1102 1430 adulteratione.
1149 1398 1239 1429 cedit
1274 1399 1347 1430 Det-

175 1443 296 1484 lessen:
336 1444 596 1479 adulteratione,
628 1443 742 1474 sentit.
772 1441 945 1482 AIawaff:
985 1441 1234 1472 adulteratione
1261 1442 1348 1472 sedit

176 1487 357 1561 widrelata
373 1542 379 1560 ι
411 1529 563 1570 praelata
582 1528 661 1560 RE:
693 1527 827 1569 prolata
845 1528 926 1568 vulq.

216 1653 230 1667 ‘²
254 1648 458 1679 Detlefsen's
483 1647 642 1688 reading:
679 1646 765 1677 “for
789 1646 1007 1677 adulterated
1031 1646 1157 1677 saffron
1182 1647 1209 1677 is
1234 1647 1346 1678 moist.

171 1694 199 1723 A
221 1692 354 1722 further
375 1695 455 1726 test,
477 1690 567 1721 etc.”
613 1689 796 1730 Mayhoff's
818 1689 980 1730 reading:
1014 1689 1032 1701 “
1047 1689 1100 1720 for
1121 1689 1246 1720 saffron
1269 1689 1348 1720 that

172 1736 232 1766 has
254 1736 335 1765 been
354 1733 571 1764 adulterated
590 1733 617 1763 is
637 1732 737 1763 liable
756 1736 792 1763 to
810 1736 867 1773 get
887 1731 1025 1763 moist.'’

219 1778 230 1796 ⁶
254 1777 347 1808 With
368 1776 427 1807 the
446 1776 586 1816 reading
605 1775 752 1816 praelata
772 1785 810 1806 or
828 1775 977 1815 prolata:
1012 1774 1032 1787 ‘⁴
1046 1774 1076 1805 if
1090 1784 1159 1815 you
1180 1778 1243 1815 put
1261 1785 1348 1815 your

171 1820 262 1851 hand
287 1820 401 1850 before
421 1829 508 1860 your
528 1818 638 1849 faee.’'

219 1868 230 1882 ⁰
257 1863 426 1893 Barbarus
459 1860 691 1901 conjectured,
727 1859 779 1891 for
814 1860 982 1896 mediocre,
1017 1860 1124 1891 medio
1157 1859 1346 1892 candidum.

173 1907 193 1919 “
208 1906 322 1936 white
340 1906 371 1935 in
391 1905 449 1936 the
467 1904 594 1935 middle
609 1904 628 1915 '³
647 1905 674 1934 is
691 1913 711 1934 a
728 1903 793 1933 sair
808 1903 1007 1943 equivalent
1023 1906 1060 1933 to
1077 1902 1260 1934 dialeucon.

214 1947 227 1967 ‘¹
253 1948 552 1989 Capillamemtrm:
587 1947 646 1977 the
665 1946 822 1977 hair-like
840 1945 924 1977 fibre
943 1945 982 1976 of
996 1945 1055 1976 the
1075 1945 1152 1977 leaf.

172 2010 238 2052 184
