1469 2299
377 110 570 148 PLINY:
615 111 875 149 NATURAL
910 111 1142 149 HISTORY

107 219 148 249 97
226 213 412 249 XXXIX.
442 213 644 249 Scillarum
669 216 708 249 in
731 213 925 250 medicina
949 213 1037 249 alba
1062 213 1347 250 est—feminae

176 270 467 316 nigrae—quae
515 267 789 303 candidissima
838 266 958 303 fuerit
1005 267 1212 303 utilissima
1260 270 1345 303 erit.

175 319 264 356 huic
293 320 408 356 aridis
436 322 577 356 tunicis
606 320 769 369 direptis
790 320 896 369 quod
919 319 1078 356 relicum
1102 333 1123 356 e
1150 322 1236 356 vivo
1252 320 1264 343 ¹
1288 326 1348 357 est

176 379 403 409 comectum
460 373 714 422 suspenditur
770 373 847 409 lino
903 373 1064 410 modicis
1121 373 1346 409 intervallis.

177 433 316 476 postea
344 426 452 462 arida
481 426 605 462 frusta
633 429 671 462 in
699 426 840 462 cadum
869 429 970 462 aceti
999 440 1118 475 quam
1147 429 1348 475 asperrimi

177 480 394 528 pendentia
418 481 693 528 inmerguntur
716 482 772 515 ita
797 492 846 515 ne
870 479 948 515 ulla
971 486 1085 528 parte
1109 493 1175 515 vas
1199 482 1347 515 contin—

110 539 151 568 98
177 539 286 582 gant.
342 546 467 582 gypso
515 533 659 568 deinde
709 533 853 568 oblitus
902 533 1021 569 cadus
1070 535 1230 582 ponitur
1277 534 1350 569 sub

178 586 322 634 tegulis
346 589 468 622 totius
492 586 569 621 diei
595 586 716 622 solem
741 586 1036 635 accipientibus.
1092 585 1164 622 hoc
1189 586 1231 622 fit
1256 592 1350 622 ante

178 639 403 681 solstitium,
450 639 589 675 diebus
637 641 790 676 XLV111.2
867 645 956 688 post
1005 652 1094 675 eum
1143 653 1349 676 numerum

179 692 333 728 dierum
366 692 517 728 tollitur
550 706 629 736 vas,
663 692 769 728 scilla
803 695 1002 735 eximitur,
1036 698 1192 728 acetum
1226 698 1350 729 trans-

180 745 369 781 funditur.
424 745 497 782 hoc
528 745 731 781 clariorem
764 745 962 782 oculorum
996 748 1120 781 aciem
1152 745 1261 788 facit,
1293 759 1351 782 sa-

180 799 307 834 lutare
350 804 409 834 est
450 798 641 835 stomachi
684 799 934 848 laterumque
975 799 1171 835 doloribus
1213 800 1351 835 diebus

183 854 280 888 binis
295 852 309 874 3
325 858 539 900 sumptum.
586 852 655 888 sed
671 858 785 888 tanta
799 855 854 888 vis
869 858 928 888 est
942 858 987 888 ut
1001 852 1149 888 avidius
1166 852 1351 889 haustum

182 908 402 941 exstinctae
423 908 578 941 animae
594 911 798 941 momento
813 905 944 954 aliquo
959 907 1130 954 speciem
1147 906 1350 954 praebeat.

113 964 153 994 99
180 958 341 1007 prodest
369 964 409 994 et
435 961 601 1008 gingivis
628 964 669 994 ct
695 958 881 995 dentibus
907 958 968 994 vel
993 971 1064 1008 per
1088 972 1130 995 se
1156 972 1352 995 comman-

180 1011 336 1047 ducata.
391 1014 544 1048 taenias
580 1018 621 1048 et
656 1011 807 1061 reliqua
841 1014 988 1048 ventris
1024 1012 1208 1048 animalia
1241 1012 1353 1061 pellit

182 1077 229 1100 ex
260 1070 374 1100 aceto
403 1071 444 1101 et
472 1065 589 1101 melle
618 1071 788 1114 sumpta.
845 1065 1002 1115 linguae
1031 1078 1189 1114 quoque
1217 1078 1353 1102 recens

179 1119 357 1154 subiecta
399 1124 577 1167 praestat
626 1132 675 1154 ne
717 1118 920 1168 hydropici
968 1121 1117 1155 sitiant.
1172 1122 1354 1169 coquitur

181 1171 356 1220 pluribus
373 1171 497 1207 modis
515 1185 522 1208 :
550 1174 589 1207 in
605 1171 680 1208 olla
696 1184 799 1221 quae
816 1174 1004 1208 coiciatur
1019 1174 1057 1208 in
1071 1172 1268 1208 clibanum
1285 1179 1353 1209 aut

179 1223 350 1267 furnum,
371 1225 432 1260 vel
462 1225 578 1274 adipe
608 1231 677 1261 aut
706 1225 790 1262 luto
820 1225 945 1269 inlita,
966 1226 1064 1262 aut4
1086 1224 1286 1262 frustatim
1316 1228 1355 1262 in

93 1281 152 1314 100
179 1280 336 1327 patinis.
393 1284 433 1315 et
459 1279 579 1315 cruda
605 1281 785 1322 siccatur,
811 1278 956 1315 deinde
981 1279 1199 1315 conciditur
1224 1282 1353 1328 coqui-

181 1337 326 1380 turque
357 1334 395 1367 in
424 1338 551 1375 aceto,
580 1338 667 1368 tum
695 1335 940 1381 serpentium
969 1333 1111 1368 ictibus
1140 1334 1352 1382 inponitur.

181 1390 288 1421 tosta
304 1398 462 1434 quoque
478 1391 671 1435 purgatur
688 1391 729 1422 et
744 1385 920 1422 medium
938 1388 1020 1422 eius
1036 1388 1181 1422 iterum
1197 1388 1236 1422 in
1252 1399 1355 1436 aqua

179 1440 372 1487 coquitur.
427 1452 518 1475 usus
544 1441 596 1474 sic
620 1444 757 1475 coctae
781 1439 832 1475 ad
854 1438 1102 1489 hydropicos,
1127 1439 1177 1475 ad
1202 1441 1354 1476 urinam

182 1491 364 1527 ciendam
399 1492 524 1528 tribus
560 1491 682 1528 obolis
718 1505 807 1528 cum
842 1492 960 1529 melle
996 1498 1037 1529 et
1073 1499 1186 1529 aceto
1220 1498 1355 1542 potae,

181 1546 277 1580 item
301 1544 492 1593 splenicos
517 1551 558 1582 et
581 1545 854 1589 stomachicos‚
877 1548 907 1582 si
931 1559 1009 1582 non
1032 1548 1208 1582 sentiant
1230 1545 1355 1590 ulcus,

231 1645 243 1664 ¹
265 1646 415 1678 Fortasse
432 1647 467 1677 in
485 1647 607 1678 medio.
654 1647 861 1678 Dioscorides
880 1647 925 1679 ΙΙ.
947 1648 1004 1678 171
1025 1648 1062 1679 τὸ
1077 1646 1282 1688 μεσαίτατον.

230 1688 242 1707 ²
265 1690 327 1720 hoc
342 1690 380 1721 fit
394 1715 401 1721 .
422 1714 429 1721 .
451 1715 458 1722 .
473 1690 624 1721 XLVIII
637 1696 708 1731 post
721 1692 924 1732 contingant
935 1692 1025 1723 codd.
1042 1703 1048 1722 :
1075 1696 1176 1723 trans.
1191 1691 1354 1732 Mayhoff.

228 1731 240 1749 ³
267 1732 352 1763 binis
379 1737 435 1764 aut
462 1733 551 1773 pinis
574 1733 680 1765 codd.:
719 1733 839 1764 diebus
864 1734 950 1765 binis
973 1732 1092 1774 Silliqz
1129 1735 1248 1765 ieiunis
1269 1735 1353 1766 coni.

186 1774 453 1850 Mffyfflf'mdd„
472 1817 525 1848 vel
543 1817 703 1858 Mayhoff.

228 1938 243 1954 ⁰
267 1935 295 1965 A
338 1939 473 1976 strange
517 1935 646 1976 phrase.
695 1936 844 1978 Perhaps
887 1936 956 1968 “in
999 1936 1058 1968 the
1101 1936 1249 1968 centre.’'
1295 1937 1353 1969 See

185 1977 310 2009 critical
328 1982 418 2010 note.

181 2039 226 2088 58
