1469 2299
103 470 143 500 94

107 983 146 1013 95

108 1562 147 1591 96

373 103 537 140 PLINY
553 116 561 139 :
604 102 866 139 NATURAL
903 102 1135 140 HISTORY

169 210 225 244 ita
244 220 293 243 ne
311 207 512 243 solvantur
531 212 624 242 ante
643 205 748 241 diem
767 207 995 254 septimmn,
1014 208 1187 248 strumis,
1205 205 1343 242 fistulis

171 274 207 307 in
244 284 345 320 aqua
381 272 591 307 contritam
628 269 870 319 Chrysippus
905 275 1042 305 auctor
1077 275 1148 306 est.
1205 276 1245 306 et
1281 270 1342 305 alii

172 349 261 371 vero
285 347 522 384 conpescere
546 333 648 370 mala
672 336 842 382 corporis
867 346 969 382 quae
993 339 1344 382 serpant—nomas

171 401 461 436 vocant—item
499 400 768 434 excrescentia
802 398 1024 441 absumere,
1059 399 1259 434 cicatrices
1295 397 1345 434 ad

171 463 332 512 planum
372 463 566 512 redigere,
605 464 679 498 oris
720 462 851 498 ulcera
889 468 930 498 et
969 461 1143 498 tonsillas
1183 461 1344 498 mandu-

171 534 301 564 catam
324 533 365 563 et
386 533 537 563 coctam
561 540 653 562 suco
674 528 923 576 gargarizato
944 539 1031 562 cum
1055 525 1172 562 melle
1193 526 1346 569 tollere,

172 594 267 628 item
295 604 428 641 psoras
455 597 495 627 et
523 591 649 639 lepras
677 596 846 633 veteres,
872 592 991 639 ipsius
1017 590 1142 626 tribus
1168 591 1346 639 partibus

172 669 258 691 cum
300 655 453 691 duabus
495 654 675 691 aluminis
717 657 754 690 in
796 660 909 690 aceto
950 656 1026 690 acri
1069 654 1199 690 inlitis.
1256 654 1345 703 Epi-

172 719 352 756 charmus
377 721 471 755 satis
497 732 582 755 esse
607 732 693 754 eam
719 725 855 754 contra
880 720 985 754 canis
1010 718 1149 754 rabiosi
1175 732 1347 754 morsmn

174 786 320 833 inponi,
354 783 492 819 melius
526 786 555 819 si
589 796 678 819 cum
713 782 837 819 lasere
872 789 912 819 et
946 788 1059 818 aceto
1093 785 1184 826 acri,
1218 785 1346 819 necari

173 861 330 897 quoque
363 861 480 884 canes
516 860 576 891 ea,
610 849 639 883 si
675 847 792 883 detur
826 860 875 883 ex
909 859 1039 883 carne.
1094 859 1231 883 semen
1265 849 1347 883 eius

173 919 321 949 tostum
363 911 575 948 auxiliatur
614 917 751 947 contra
790 916 1011 960 serpentes,
1051 910 1205 961 fungos,
1244 913 1346 948 tauri

174 979 419 1026 sanguinem.
477 975 568 1012 folia
606 981 716 1012 cocta
755 975 936 1025 splenicis
974 977 1012 1011 in
1051 975 1137 1011 cibo
1174 975 1270 1012 data
1308 981 1348 1012 et

173 1041 293 1077 cruda
334 1040 443 1076 inlita
483 1054 570 1076 cum
612 1039 771 1089 sulpure
811 1046 851 1076 et
892 1042 994 1076 nitro
1034 1046 1212 1089 prosunt,
1251 1042 1349 1076 item

174 1118 434 1141 mammarum
453 1105 635 1141 duritiae.
691 1104 866 1141 radicum
883 1106 978 1140 cinis
997 1117 1096 1140 uvae
1114 1106 1153 1140 in
1171 1103 1349 1141 faucibus

174 1171 344 1206 tumenti
387 1174 498 1205 tactu
539 1168 737 1211 medetur,
779 1174 821 1205 et
860 1168 1061 1218 parotidas
1102 1181 1191 1204 cum
1232 1168 1350 1205 melle

174 1233 306 1269 inlitus
341 1235 530 1282 reprimit.v
566 1235 811 1282 serpentium
845 1246 995 1269 morsus
1028 1238 1155 1269 sanat.
1211 1235 1349 1269 virium

174 1298 369 1334 brassicae
400 1311 520 1334 unum
553 1303 594 1334 et
624 1310 814 1347 magnum
845 1302 1125 1347 argumentum
1158 1296 1349 1333 addemus

175 1361 427 1398 admirabile:
473 1367 629 1398 crustae
661 1367 856 1411 occupent
888 1363 993 1398 intus
1025 1374 1117 1398 vasa
1149 1363 1279 1398 omnia
1311 1363 1350 1398 in

175 1429 259 1475 quis
279 1439 406 1475 aquae
426 1425 594 1469 fervent,
614 1432 656 1462 ut
678 1440 754 1462 non
773 1428 823 1462 sit
843 1425 1012 1462 avellere
1033 1439 1112 1469 eas,
1131 1428 1161 1462 si
1180 1426 1351 1462 brassica

176 1493 213 1526 in
237 1489 294 1526 his
320 1490 576 1539 decoquatur,
601 1490 830 1527 abscedunt.

225 1554 431 1591 XXXVII.
465 1554 574 1591 Inter
599 1554 796 1591 silvestres
821 1555 1011 1591 brassicas
1038 1560 1078 1591 et
1103 1554 1264 1603 lapsana
1290 1560 1350 1591 est

175 1618 324 1668 pedalis
355 1618 580 1662 altitudine,
610 1618 769 1655 hirsutis
800 1617 914 1662 foliis,
944 1620 1067 1668 sinapi
1100 1618 1248 1663 similis,
1277 1620 1349 1655 nisi

175 1683 376 1720 candidior
401 1690 505 1720 esset
532 1682 637 1720 flore.
693 1685 875 1733 coquitur
901 1685 938 1719 in
967 1683 1067 1725 cibo,
1093 1682 1223 1720 alvum
1252 1683 1349 1720 lenit

175 1753 216 1784 et
242 1747 378 1784 mollit.

226 1811 454 1848 XXXVIII.
487 1811 643 1848 Marina
690 1812 859 1848 brassica
908 1811 1254 1848 vehementissime
1301 1825 1347 1848 ex

175 1876 355 1912 omnibus
384 1875 512 1912 alvum
542 1879 631 1913 ciet.
700 1878 881 1925 coquitur
909 1882 1071 1925 propter
1098 1878 1348 1913 acrimoniam

175 1953 263 1977 cum
292 1942 426 1990 pingui
455 1953 586 1983 carne,
614 1939 817 1977 stomacho
845 1942 1121 1977 inimicissima.

177 2023 221 2071 56
