1469 2299
70 403 128 433 130

78 916 130 946 131

80 1622 138 1653 132

355 103 549 141 PLINY:
595 104 856 141 NATURAL
890 103 1124 140 HISTORY

155 204 248 241 flore
275 204 319 240 fit
345 207 604 241 narcissinum
629 204 762 241 oleum
788 204 839 241 ad
864 204 1123 241 emolliendas
1149 203 1329 248 duritias,

155 268 401 304 calfacienda
431 281 534 318 quae
565 268 742 311 alserint,
773 269 932 305 auribus
963 268 1230 310 utilissimum,
1259 268 1330 305 sed

157 339 198 369 et
221 335 362 382 capitis
385 332 540 370 dolores
563 332 670 369 facit.

209 397 390 433 LXXVI.
422 397 558 433 Violae
587 398 787 434 silvestres
817 403 859 433 et
887 400 1051 434 sativae.
1107 410 1331 446 purpureae

157 461 408 511 refrigerant.
465 467 603 498 contra
636 461 970 498 inflammationes
1002 461 1223 497 inlinuntur
1254 468 1334 498 sto-

157 525 311 569 macho,
357 525 514 562 ardenti
559 528 806 574 inponuntur
851 531 893 561 et
937 527 1057 574 capiti
1103 527 1142 560 in
1187 524 1332 568 fronte,

158 589 361 626 oculorum
403 592 589 639 privatim
633 589 832 638 epiphoris
876 594 917 625 et
959 589 1054 625 sede
1099 588 1331 638 procidente

161 653 321 690 volvave
376 659 416 690 et
470 659 607 690 contra
661 655 981 702 suppurationes.
1037 653 1239 702 crapulam
1293 659 1335 690 et

160 717 396 767 gravedines
428 720 569 767 capitis
600 720 781 767 inpositis
813 720 965 754 coronis
996 716 1227 766 olfactuque
1258 717 1334 754 dis-

160 785 332 825 cutiunt,
349 784 515 832 anginas
534 795 582 817 ex
601 795 705 831 aqua
722 787 855 830 potae.
910 781 950 818 id
968 781 1074 831 quod
1092 794 1336 830 purpureum

161 852 222 882 est
248 859 296 882 ex
323 845 382 882 his
407 846 673 882 comitialibus
699 845 899 888 medetur,
925 848 1098 881 maxime
1125 847 1271 894 pueris,
1296 848 1337 881 in

161 924 263 960 aqua
285 916 438 959 potum.
494 923 631 946 semen
654 909 779 946 violae
799 910 1069 959 scorpionibus
1090 909 1335 947 adversatur.

161 981 299 1011 contra
336 973 406 1011 fios
445 974 559 1010 albae
597 979 820 1023 suppurata
856 976 1000 1023 aperit,
1037 976 1123 1023 ipsa
1160 973 1335 1012 discutit.

162 1044 203 1075 et
221 1038 311 1075 alba
328 1044 464 1075 autem
483 1044 525 1074 et
541 1038 651 1074 lutea
670 1043 866 1074 extenuat
884 1051 1055 1081 menses,
1073 1040 1226 1074 urinam
1244 1040 1336 1075 ciet.

161 1105 288 1139 minor
310 1105 366 1139 vis
390 1108 451 1139 est
475 1103 716 1145 recentibus,
739 1102 910 1151 ideoque
934 1102 1052 1138 aridis
1075 1107 1166 1151 post
1188 1115 1337 1138 annum

164 1167 372 1204 utendum.
428 1167 539 1203 lutea
577 1166 741 1203 dimidio
779 1165 926 1216 cyatho
964 1168 1004 1202 in
1043 1179 1172 1215 aquae
1211 1167 1338 1203 tribus

163 1244 320 1268 menses
337 1230 473 1268 trahit.
530 1231 682 1267 radices
700 1233 783 1267 eius
800 1244 890 1267 cum
908 1235 1023 1267 aceto
1039 1230 1178 1266 inlitae
1195 1230 1339 1266 sedant

164 1295 323 1339 lienem,
361 1298 460 1332 item
498 1295 732 1344 podagram,
771 1294 974 1331 oculorum
1012 1300 1150 1331 autem
1187 1293 1339 1330 inflam—

165 1362 360 1396 mationes
399 1373 489 1396 cum
528 1373 661 1395 murra
701 1365 742 1396 et
779 1372 904 1395 croco.
961 1358 1054 1395 folia
1092 1372 1182 1395 cum
1220 1358 1338 1395 melle

165 1429 339 1474 purgant
370 1426 511 1473 capitis
544 1423 690 1467 ulcera,
722 1437 812 1460 cum
844 1428 979 1459 cerato
1012 1425 1129 1459 rimas
1161 1422 1265 1459 sedis
1298 1428 1340 1459 et

165 1501 268 1538 quae
306 1491 345 1524 in
385 1487 527 1524 umidis
566 1493 673 1531 sunt,
712 1500 761 1524 ex
800 1493 915 1524 aceto
954 1500 1046 1524 vero
1084 1486 1339 1524 collectiones

163 1558 320 1589 sanant.

217 1617 421 1653 LXXVII.
452 1616 598 1653 Baccar
614 1618 652 1652 in
669 1616 890 1652 medicinae
906 1629 978 1652 usu
995 1615 1115 1665 aliqui
1132 1628 1181 1652 ex
1197 1618 1339 1651 nostris

166 1694 416 1730 perpressam
462 1686 618 1717 vocant.
675 1679 889 1716 auxiliatur
934 1685 1072 1716 contra
1118 1686 1340 1729 serpentes,

165 1748 306 1795 capitis
350 1745 505 1782 dolores
549 1744 819 1794 fervoresque,
863 1746 962 1780 item
1006 1743 1228 1793 epiphoras.
1283 1746 1341 1780 in-

218 1921 232 1936 ⁶
256 1916 449 1948 Stoma-chus
469 1915 579 1956 might
599 1925 699 1946 mean
719 1913 825 1954 gullet
846 1914 935 1945 here.
983 1913 1042 1944 See
1058 1924 1090 1955 p.
1108 1914 1182 1950 261,
1196 1917 1275 1944 note
1289 1912 1317 1945 b.

221 1959 233 1979 ι’
256 1959 353 1991 Folia
372 1958 483 2000 might
501 1968 600 1989 mean
619 1958 741 1999 petaIS.

171 2029 241 2076 256
