1469 2299
118 663 159 692 50

119 919 155 948 51

386 105 578 142 PLINY:
625 104 886 141 NATURAL
919 105 1154 141 HISTORY

186 209 320 256 quina,
350 210 576 256 mirumque
605 209 644 242 in
672 219 719 243 eo
743 206 838 243 flore
868 205 1016 242 inflecti
1047 219 1238 242 cacumen
1268 212 1310 242 et
1336 220 1357 243 e

186 271 298 307 nodis
319 273 468 307 intorta
482 272 495 294 1
518 270 610 307 folia
630 273 737 306 nasci
758 270 918 320 parvolo
939 270 1059 306 calice
1077 283 1120 306 ac
1137 270 1358 306 versicolori

186 335 339 371 luteum
360 347 498 371 semen
519 335 775 371 includentia.
814 334 974 371 luteus²
995 340 1036 370 et
1056 333 1175 371 bellio
1195 334 1358 383 pastilli-

185 399 368 435 cantibus
414 401 706 448 quinquagenis
752 401 880 448 quinis
925 398 1112 435 barbulis.
1168 404 1359 434 coronant

187 469 393 512 pratenses
424 462 463 498 hi
490 462 629 505 flores;
674 469 716 499 at
746 465 830 498 sine
858 475 930 498 usu
958 462 1171 511 plerique,3
1198 468 1240 498 et
1270 462 1359 498 ideo

185 530 269 563 sine
295 527 531 563 nominibus.
588 529 683 576 quin
709 532 751 563 et
775 526 834 562 his
860 528 952 575 ipsis
979 526 1055 562 alia
1079 525 1144 562 alii
1169 527 1359 562 vocabula

184 594 393 641 inponunt.

237 656 384 692 XXVI.
415 655 682 705 Chrysocome
735 658 817 692 sive
869 654 1052 705 chrysitis
1105 668 1185 691 non
1236 654 1360 692 habet

187 720 373 756 Latinam
406 720 730 769 appellationem.
786 719 907 769 palmi
940 718 1154 755 altitudine
1188 725 1263 763 est,
1296 732 1359 756 co-

186 785 388 821 mantibus
423 784 577 835 fulgore
612 787 696 821 auri
731 784 942 834 corymbis,
978 783 1109 819 radice
1146 786 1271 833 nigra,
1308 796 1357 819 ex

186 855 346 885 austero
371 849 488 892 dulci,
514 851 553 884 in
578 851 746 898 petrosis
772 850 985 898 opacisque
1010 860 1188 884 nascens.

237 913 406 949 XXVII.
438 914 489 950 Et
525 913 609 949 fere
645 916 816 962 peractis
852 913 1027 949 colorum
1063 924 1222 962 quoque
1257 912 1359 948 cele-

186 978 380 1021 berrimis,
398 980 542 1014 transit
560 980 686 1014 oratio
705 977 755 1014 ad
775 990 840 1014 eas
859 990 1021 1014 coronas
1041 989 1144 1026 quae
1163 979 1359 1013 varietate

187 1043 268 1079 sola
313 1042 485 1091 placent.
541 1042 620 1079 duo
665 1055 802 1078 earum
846 1054 1010 1092 genera,
1055 1041 1215 1090 quando
1259 1041 1360 1077 aliae

187 1107 282 1143 flore
327 1112 526 1150 constant,
572 1106 672 1142 aliae
718 1106 822 1142 folio.
878 1105 1015 1142 florem
1061 1118 1147 1141 esse
1192 1105 1360 1142 dixerim

187 1174 591 1220 genistas—namque
631 1176 673 1207 et
712 1170 770 1207 his
810 1170 1038 1220 decerpitur
1077 1170 1360 1206 luteus—item

187 1235 506 1279 rhododendron,
542 1238 640 1272 item
677 1234 830 1284 zizipha
866 1248 969 1284 quae
1006 1234 1259 1284 Cappadocia
1295 1247 1359 1271 vo—

186 1306 339 1336 cantur.
394 1299 453 1336 his
486 1300 674 1336 odoratus
707 1299 842 1336 similis
876 1302 941 1349 qui
975 1299 1152 1335 olearum
1185 1298 1357 1336 floribus.

187 1368 226 1400 in
246 1365 432 1414 vepribus
453 1367 628 1400 nascitur
647 1364 925 1414 cyclaminum,
946 1363 996 1400 de
1018 1377 1096 1412 quo
1116 1363 1230 1412 plura
1249 1362 1357 1400 alias.

187 1428 257 1466 flos
283 1431 366 1465 eius
390 1428 604 1465 colossinus
628 1431 669 1464 in
693 1441 856 1465 coronas
881 1428 1120 1465 admittitur.

237 1531 248 1550 ¹
273 1543 290 1563 e
310 1532 408 1562 nodis
426 1532 555 1562 intorta
575 1532 732 1572 Mayhofs
743 1544 749 1562 :
782 1531 880 1562 nodis
898 1532 1028 1562 intorto
1045 1541 1120 1562 cum
1138 1530 1252 1561 multis
1269 1531 1358 1562 codd.

191 1574 355 1615 Dellefsen
370 1587 376 1606 :
423 1576 559 1605 nonnisi
592 1578 722 1606 retorto
755 1574 879 1615 aliquot
911 1574 1000 1605 codd.
1017 1586 1024 1605 z
1071 1575 1105 1604 in
1140 1573 1240 1604 dorso
1273 1574 1357 1604 coni.

194 1618 252 1649 Ma
279 1618 318 1648 ho
349 1642 356 1648 .

235 1617 384 1691 ²'lllutfefus
409 1659 518 1700 wlff:
553 1659 646 1690 luteo
674 1660 764 1691 codd.
809 1659 960 1690 Fortasse
986 1659 1079 1689 luteo
1102 1663 1232 1699 propter
1259 1659 1358 1689 bellio

190 1703 349 1743 scriptum
371 1707 427 1734 est.

235 1745 247 1763 ³
273 1749 439 1776 coronant
451 1749 627 1786 prat-enses
639 1745 673 1776 hi
686 1744 802 1781 flores;
826 1749 864 1775 at
878 1745 950 1775 sine
965 1755 1028 1775 usu
1045 1744 1222 1785 plerique}
1257 1744 1356 1775 Codri.

194 1792 402 1819 coronantur
430 1793 488 1819 aut
517 1791 712 1824 coronatur,
739 1791 915 1828 pratenses
944 1792 1001 1818 aut
1031 1787 1211 1827 pratensis,
1237 1786 1273 1817 hi
1301 1792 1358 1817 (ιηι

193 1832 257 1868 hic,
272 1832 352 1862 flore
369 1834 415 1867 et,
433 1831 494 1862 flos
506 1841 557 1867 ae,
570 1831 662 1867 flore,
680 1830 797 1861 flores:
821 1831 990 1871 pratensis
1002 1829 1055 1860 hic
1069 1830 1129 1860 flos
1142 1840 1180 1860 ac
1198 1830 1269 1859 sine
1282 1840 1356 1860 usu.

192 1874 344 1915 plerique
359 1880 394 1904 et
409 1873 486 1905 ideo
501 1875 572 1904 sine
587 1873 783 1904 nominibus
803 1872 979 1914 Detlefsen.
1024 1871 1094 1913 qu
1114 1882 1188 1902 cum
1205 1872 1362 1912 Mayhoff

194 1917 373 1957 distinquo,
388 1921 417 1948 et
431 1917 504 1948 eius
518 1916 603 1948 coni.
621 1920 787 1947 coronant
806 1916 921 1953 scribo,
941 1916 996 1948 sed
1015 1926 1075 1956 pro
1094 1914 1175 1946 flore
1190 1925 1244 1955 eqo
1258 1914 1357 1946 flores

191 1959 288 1992 malo.

187 2029 253 2076 196
