1469 2299
125 203 162 233 13

126 614 163 643 14

127 1084 164 1115 15

395 94 589 133 PLINY:
634 95 896 134 NATURAL
930 95 1164 132 HISTORY

189 199 327 235 bibere
369 201 481 235 iussit
523 198 611 235 ilico
647 200 911 247 expirantem.
965 197 1016 234 de
1053 196 1211 233 floribus
1248 210 1364 245 supra

190 257 315 293 dictos
335 259 489 306 scripsit
507 256 804 306 Theophrastus
824 255 929 305 apud
950 255 1135 299 Graecos,
1156 268 1203 292 ex
1224 257 1365 291 nostris

191 322 326 352 autem
359 318 591 365 inscripsere
624 315 742 364 aliqui
776 315 894 351 libros
928 314 1220 364 anthologicon,
1253 313 1366 349 flores

191 386 282 410 vero
308 380 539 424 persecutus
567 379 627 410 est
654 387 784 417 nem0‚
810 373 916 422 quod
943 373 1128 422 equidem
1154 374 1364 408 inveniam.

192 446 263 469 nec
299 446 368 469 nos
405 446 508 469 nunc
544 432 692 469 scilicet
728 445 890 468 coronas
928 431 1223 468 nectemus—id
1263 433 1366 467 enim

192 491 372 528 frivolum
396 491 580 528 est—sed
603 491 653 528 de
675 490 834 527 floribus
859 503 961 540 quae
986 490 1224 526 videbuntur
1247 489 1367 539 digna

191 551 507 586 memorabimus

241 609 289 646 X.
320 608 560 646 Paucissima
576 611 698 646 nostri
714 621 863 658 genera
877 614 1249 645 coronamentorum
1266 609 1369 643 inter

190 667 392 704 hortensia
420 681 578 712 novere,
606 680 650 704 ac
678 679 806 717 paene
834 666 953 703 violas
982 679 1168 715 rosasque
1195 671 1366 702 tantum.

191 726 294 763 Rosa
330 729 503 763 nascitur
537 729 651 776 spina
685 728 814 762 verius
849 739 969 774 quam
1005 724 1160 768 frutice,
1197 726 1236 760 in
1270 725 1368 761 rubo

191 798 349 834 quoque
364 788 613 834 proveniens,
628 784 705 821 illic
721 787 843 821 etiam
858 784 1016 820 iucundi
1033 783 1175 827 odoris,
1190 785 1368 832 quamvis

191 847 362 894 angusti.
418 846 617 894 germinat
663 845 789 880 omnis
835 845 962 892 primo
1009 842 1156 878 inclusa
1201 855 1369 891 granoso

191 905 350 947 cortice,
387 916 465 952 quo
501 916 592 939 mox
629 905 923 939 intumescente
960 907 999 938 et
1037 903 1076 937 in
1112 900 1254 937 virides
1291 899 1368 936 ala-

191 962 344 998 bastros
366 961 557 1011 fastigato
577 961 771 1011 paulatim
794 961 1005 997 rubescens
1027 959 1194 996 dehiscit
1217 972 1261 995 ac
1282 972 1368 995 sese

191 1020 330 1069 pandit
344 1022 383 1056 in
396 1020 559 1057 calicem
573 1020 704 1056 medio
720 1022 777 1056 sui
792 1024 945 1056 stantes
958 1018 1195 1068 conplexum
1211 1019 1223 1041 ¹
1241 1018 1369 1054 luteos

191 1081 334 1128 apices.
391 1093 481 1116 usus
522 1081 604 1116 eius
644 1081 682 1115 in
721 1080 871 1115 coronis
910 1091 1033 1127 prope
1072 1079 1255 1113 minimus
1295 1085 1367 1113 est.

191 1138 278 1174 oleo
313 1144 551 1181 maceratur,
587 1138 706 1187 idque
742 1140 820 1173 iam
856 1151 878 1173 a
912 1137 1088 1173 Troianis
1124 1136 1369 1185 temporibus

193 1197 368 1234 Homero
401 1203 520 1234 teste.
575 1202 787 1246 praeterea
820 1198 859 1232 in
894 1200 1101 1245 unguenta
1133 1197 1290 1238 transit,
1324 1200 1369 1231 ut

191 1255 373 1293 diximus.
429 1256 602 1293 medicas
625 1268 697 1305 per
717 1268 760 1291 se
783 1261 888 1291 artes
910 1255 1091 1304 praebet.
1146 1253 1369 1303 emplastris

192 1320 314 1364 atque
350 1315 518 1365 collyriis
556 1317 741 1351 inseritur
776 1313 950 1350 mordaci
986 1312 1224 1356 subtilitate,
1260 1325 1369 1348 men-

192 1387 324 1410 sarum
358 1376 480 1411 etiam
513 1373 662 1410 deliciis
696 1372 993 1423 perunguendis
1027 1374 1189 1408 minime
1222 1371 1370 1408 noxia.2

241 1477 252 1496 ¹
276 1476 414 1508 calicem
441 1501 448 1508 .
473 1501 481 1508 .
507 1501 514 1507 .
539 1476 744 1517 conplexum
771 1475 818 1506 sic
844 1475 1028 1516 Dades-sen:
1063 1475 1098 1505 in
1123 1474 1227 1505 calice
1255 1473 1369 1504 medio

196 1521 353 1550 staminis
383 1520 550 1561 conplexa
582 1519 755 1559 Mayhoff:
793 1518 926 1555 calices,
962 1517 1015 1548 sui
1046 1518 1166 1554 stanti,
1204 1517 1370 1556 conplexa

195 1563 355 1637 cogdpm
376 1606 480 1636 noxia
501 1605 577 1636 add.
601 1605 690 1635 carie
713 1614 728 1635 e
751 1603 927 1635 Pausania
949 1603 1015 1634 IX.
1039 1603 1093 1639 41,
1117 1604 1135 1634 7
1161 1602 1324 1643 Mayhoff.

235 1712 249 1727 ⁴³
272 1707 363 1738 That
387 1708 426 1744 is,
453 1707 473 1720 ‘⁶
488 1707 505 1738 1
530 1706 617 1738 shall
641 1710 702 1738 not
727 1706 879 1738 describe
902 1705 962 1736 the
988 1704 1146 1736 methods
1170 1704 1209 1736 of
1229 1704 1369 1745 making

193 1750 323 1782 them.''

240 1794 252 1813 ¹²
274 1793 293 1823 I
298 1803 333 1824 .e.
351 1803 412 1824 our
428 1792 506 1823 wild
522 1803 622 1823 reses.

235 1842 246 1855 ⁶
268 1836 363 1867 With
384 1836 443 1867 the
464 1835 603 1877 reading
625 1835 663 1866 of
680 1834 856 1875 Mayhoff:
893 1834 913 1847 “
928 1835 955 1865 it
976 1844 1080 1874 opens
1102 1836 1174 1870 out,
1196 1832 1368 1873 enclosing

194 1881 224 1909 in
247 1879 306 1910 the
328 1879 455 1910 middle
477 1878 515 1909 of
533 1878 592 1909 the
615 1889 680 1919 cup
701 1878 761 1908 the
782 1876 902 1918 yellow
920 1878 1034 1917 points
1052 1876 1090 1907 of
1104 1876 1162 1906 the
1179 1876 1366 1907 stamens.'‘

194 1922 285 1952 With
316 1922 385 1952 this
414 1922 555 1962 reading
583 1921 695 1961 apices
720 1920 832 1951 would
863 1930 962 1951 mean
993 1920 1052 1950 the
1078 1920 1193 1960 points
1215 1919 1282 1950 and
1309 1918 1368 1949 the

192 1965 374 2002 filaments,
390 1968 451 1996 not
467 1965 525 1995 the
542 1964 656 2004 points
673 1963 764 2003 only.

193 2037 261 2074 170
