1469 2299
89 211 130 242 79

91 479 132 508 80

92 1011 129 1043 81

92 1333 133 1364 82

362 103 555 141 PLINY:
601 104 860 142 NATURAL
894 104 1126 141 HISTORY

207 205 351 242 XLVI.
381 206 502 242 Aliud
534 209 572 242 in
605 205 725 242 Creta
756 207 988 242 miraculum
1020 206 1168 242 mellis:
1216 220 1328 242 mons

157 264 219 295 est
240 259 383 295 Carina
403 265 492 296 Vri-11
514 273 702 308 passuum
723 260 890 301 ambitu,
906 263 1009 295 intra
1031 260 1136 309 quod
1156 263 1328 309 spatium

156 325 317 348 muscae
337 325 416 349 non
436 315 703 361 reperiuntur,
723 319 944 362 natumque
964 314 1016 349 ibi
1038 313 1114 349 mel
1134 326 1329 362 nusquam

157 368 377 415 attingunt.
433 365 506 402 hoc
521 369 799 415 experimento
813 366 1012 416 singulare
1027 366 1329 403 medicamentis

157 419 329 465 eligitur.

210 471 376 508 XLVII.
406 472 567 508 Alvaria
582 475 780 509 orientem
797 472 1129 522 aequinoctialem
1148 478 1330 521 spectare

157 528 356 562 convenit.
412 526 638 575 aquilonem
667 528 833 567 evitent,
861 539 933 562 nec
960 525 1161 562 favonium
1188 528 1328 562 minus.

158 578 267 615 alvus
313 583 466 628 optima
523 592 544 615 e
597 582 757 622 cortice,
804 579 978 615 secunda
1025 579 1165 622 ferula,
1212 582 1329 615 tertia

158 634 327 675 vimine3
356 632 470 668 multi
489 638 530 668 et
547 645 568 668 e
584 633 778 682 speculari
796 633 926 682 lapide
943 632 1088 669 fecere.
1108 638 1150 668 ut
1166 645 1324 681 operari>

158 691 219 722 tes
248 688 355 722 intus
384 691 626 735 spectarent.
682 686 896 723 circumlini
928 686 1034 722 alvos
1063 686 1155 722 fimo
1184 686 1332 722 bubulo

160 739 426 783 utilissimum,
452 739 681 788 operculum
709 753 731 775 a
756 745 872 789 tergo
898 752 984 776 esse
1010 739 1332 782 ambulatorium,

159 798 205 828 ut
233 792 459 842 proferatur
487 795 608 836 intus,
637 795 667 829 si
697 806 843 843 magna
872 795 923 829 sit
951 793 1061 829 alvus
1091 798 1161 829 aut
1189 793 1332 829 sterilis

158 848 353 895 operatio,
385 859 434 882 ne
466 846 747 895 desperatione
779 859 913 883 curam
946 847 1134 889 abiciant,
1166 846 1204 882 id
1237 859 1330 895 pau—

159 899 271 936 latim
286 900 420 936 reduci
438 899 603 936 fallente
619 902 748 949 operis
764 902 1024 936 incremento.
1080 899 1186 935 alvos
1202 899 1332 936 hieme

159 958 382 990 stramento
434 956 591 1002 operiri,
643 954 781 990 crebro
832 953 965 991 suffiri.
1017 955 1191 989 maxime
1242 953 1333 989 fimo

159 1006 321 1043 bubulo.
377 1012 593 1056 cognatum
638 1005 712 1043 hoc
756 1009 801 1043 iis
847 1009 1100 1043 innascentes
1145 1006 1332 1043 bestiolas

160 1065 292 1103 necat,
318 1073 498 1103 araneos,
524 1060 758 1109 papiliones,
784 1060 1000 1103 teredines,
1027 1072 1204 1109 apesque
1229 1062 1333 1109 ipsas

160 1116 323 1150 excitat.
380 1119 422 1150 et
445 1127 680 1150 araneorum
705 1114 866 1163 quidem
892 1116 1057 1150 exitium
1084 1113 1235 1150 facilius
1259 1119 1331 1149 est.

159 1167 320 1216 papilio,
358 1170 482 1216 pestis
522 1170 659 1210 maior,
698 1167 867 1204 lucernis
907 1167 1060 1204 tollitur
1098 1179 1204 1209 vere,
1243 1180 1331 1203 cum

159 1226 406 1257 maturescat
445 1221 589 1264 malva,
628 1226 749 1257 noctu
789 1220 1003 1257 interlunio
1043 1220 1153 1257 caelo
1192 1232 1334 1257 sereno

160 1276 335 1311 accensis
353 1280 448 1311 ante
466 1274 585 1311 alvos.
640 1276 681 1310 in
699 1287 787 1311 eam
805 1274 1007 1311 flammam
1025 1287 1112 1310 sese
1130 1276 1332 1320 ingerunt.

210 1327 400 1364 XLVIII.
430 1327 468 1364 Si
502 1329 612 1364 cibus
645 1330 844 1364 sentiatur
876 1327 1016 1364 deesse
1050 1328 1205 1376 apibus,
1238 1340 1334 1363 uvas

160 1394 295 1430 passas
322 1383 494 1418 siccasve
523 1381 615 1418 ficos
642 1387 753 1418 tusas
781 1381 831 1418 ad
860 1380 963 1418 fores
992 1393 1129 1417 earum
1157 1382 1334 1430 posuisse

159 1437 385 1478 conveniat,
405 1437 503 1471 item
528 1435 662 1471 laneas
679 1436 691 1459 ¹
718 1440 867 1471 tractas
891 1434 1101 1471 madentes
1125 1447 1241 1483 passo
1265 1439 1335 1470 aut

160 1487 321 1526 defruto
350 1494 422 1525 aut
450 1502 555 1538 aqua
582 1488 724 1531 mulsa,
752 1488 989 1539 gallinarum
1018 1490 1141 1524 etiam
1175 1487 1332 1524 nudas2

209 1591 221 1610 ¹
235 1591 359 1640 'laneas
377 1591 542 1632 Detlejsen
557 1603 564 1622 :
595 1591 691 1622 lanas
709 1591 799 1622 codd.
818 1595 846 1622 el
866 1591 904 1622 M
908 1590 1029 1631 ayhoff,
1047 1590 1105 1631 qui
1122 1590 1221 1622 etiam
1238 1590 1336 1621 lanae

166 1644 356 1760 qulug‘as
390 1676 532 1718 plurimi
566 1677 669 1713 codd„
705 1675 814 1717 Silliq,
851 1675 1037 1717 Detlefsen:
1083 1675 1205 1706 crudas
1236 1674 1335 1716 vulq„

208 1730 251 1760 ay
272 1731 293 1751 ο
323 1744 331 1751 .

207 1843 222 1858 ⁰
245 1837 301 1874 Or,
319 1837 487 1868 “wonder
502 1836 687 1868 connected
704 1836 786 1867 with
802 1835 950 1876 honey.''

209 1882 222 1901 ὃ
243 1880 315 1911 The
331 1880 423 1911 word
441 1880 460 1893 “
472 1880 552 1911 akin
565 1880 585 1892 ’³
601 1879 768 1920 probably
785 1879 887 1910 refers
903 1883 940 1909 to
958 1878 1016 1909 the
1030 1877 1151 1918 legend
1167 1877 1245 1908 that
1259 1877 1336 1909 bees

161 1935 225 1956 can
245 1923 286 1954 be
306 1923 388 1954 bred
407 1923 494 1954 from
515 1923 573 1954 the
593 1922 753 1964 putrified
773 1922 911 1953 entrails
930 1921 968 1952 of
983 1932 1028 1952 an
1048 1931 1103 1952 ox.
1149 1920 1211 1952 See
1232 1921 1336 1962 Virgil

161 1967 309 2008 Georqics
326 1966 384 1998 IV.
403 1967 564 1998 554-558.

162 2037 232 2074 218
