1469 2299
139 405 197 436 llo

141 832 193 862 111

432 138 626 175 PLINY:
670 139 931 178 NATURAL
964 138 1198 177 HISTORY

222 243 260 276 in
280 242 413 289 apium
433 253 478 276 ac
498 239 643 277 deinde
662 239 802 277 florum
823 247 966 278 natura
984 241 1169 285 diximus,
1188 254 1278 278 cum
1298 243 1401 278 ratio

223 296 351 342 operis
371 293 490 330 dividi
510 299 673 343 cogeret
691 295 894 331 miscenda
912 307 1045 331 rursus
1063 300 1248 332 naturam
1266 307 1399 331 rerum

224 359 458 396 pernoscere
486 347 722 384 volentibus.

276 400 342 436 LI.
376 400 421 436 In
444 401 569 437 mellis
593 402 778 450 operibus
801 414 906 450 aqua
928 401 1055 437 mulsa
1077 401 1201 438 debet
1223 404 1398 438 tractari.

225 453 303 489 duo
347 467 497 503 genera
543 457 648 491 eius:
707 455 865 491 subitae
910 467 955 491 ac
1000 457 1183 498 recentis,
1230 454 1400 491 alterum

225 508 484 544 inveteratae.
541 510 750 557 repentina
810 508 1048 557 despumato
1109 508 1227 544 melle
1287 521 1399 557 prae-

224 560 370 597 claram
400 561 616 597 utilitatem
646 560 770 597 habet
803 564 843 597 in
871 562 958 598 cibo
987 564 1282 611 aegrotantium
1312 561 1400 605 levi,

225 613 298 650 hoc
319 619 380 650 est
401 614 499 650 alica
519 614 660 658 eluta‚1
682 616 827 651 viribus
844 615 1081 658 recreandis,
1097 628 1164 651 ore
1181 614 1401 652 stomacho-

226 680 304 716 que
325 667 549 711 mulcendo,
571 668 730 704 ardores
751 668 1035 718 refrigerando.
1090 668 1276 718 frigidam
1297 670 1402 704 enim

225 720 309 757 dari
338 721 472 757 utilius
501 727 680 758 ventrem
709 721 934 758 molliendo.
988 724 1145 758 invenio
1179 721 1286 771 apud
1314 735 1403 758 auc-

226 779 332 810 tores
348 773 421 811 hoc
438 781 534 824 potu
551 776 565 799 2
586 775 804 811 bibendum
821 775 982 819 alsiosis,
997 778 1095 812 item
1112 777 1230 811 animi
1246 774 1403 812 humilis

223 833 265 864 et
289 831 507 877 praeparci,
529 842 626 878 quos
650 828 702 864 illi
723 829 860 865 dixere
884 828 1187 879 micropsychos.
1243 834 1287 866 ut
1302 830 1317 852 ³
1343 834 1404 865 est

225 883 326 917 ratio
368 882 599 918 subtilitatis
640 884 844 918 inmensae
886 896 909 918 a
951 881 1117 919 Platone
1159 882 1404 919 descendens

223 935 462 984 corpusculis
486 948 617 972 rerum
642 935 793 972 levibus
817 936 977 979 scabris,
1003 935 1200 986 angulosis
1224 936 1403 972 rotundis

226 991 353 1038 magis
383 994 453 1025 aut
481 991 609 1026 minus
639 989 689 1026 ad
719 989 883 1026 aliorum
908 995 1093 1026 naturam
1123 989 1404 1026 accedentibus

226 1041 316 1078 ideo
336 1055 414 1078 non
435 1042 577 1079 eadem
597 1043 778 1079 omnibus
801 1056 936 1080 amara
959 1048 1030 1079 aut
1049 1042 1178 1079 dulcia
1198 1055 1297 1079 esse.
1352 1046 1406 1080 sic

226 1101 268 1132 et
293 1097 333 1131 in
360 1095 591 1132 lassitudine
616 1099 817 1146 proniores
845 1109 931 1133 esse
956 1096 1006 1133 ad
1032 1096 1276 1133 iracundiam
1301 1101 1342 1133 et
1365 1099 1405 1132 in

227 1151 304 1185 siti.
361 1162 454 1200 ergo
471 1156 513 1186 et
528 1149 626 1186 haec
641 1152 760 1186 animi
776 1152 983 1199 asperitas,
998 1162 1068 1186 seu
1083 1152 1215 1199 potius
1235 1152 1404 1194 animae,

227 1202 403 1239 dulciore
438 1216 530 1240 suco
564 1206 774 1254 mitigatur
806 1203 930 1241 lenito
964 1206 1134 1240 transitu
1169 1205 1329 1253 spiritus
1363 1209 1406 1240 et

272 1297 282 1315 ¹
308 1297 393 1328 alica
407 1298 500 1329 eluta
518 1298 659 1335 Urlichs,
674 1298 844 1339 Mayhoff:
870 1298 975 1329 alicae
988 1298 1101 1329 elutae
1114 1298 1217 1335 codd„
1232 1297 1405 1338 Detlefsen.

228 1339 393 1454 Zegyssgjg.
402 1388 486 1424 potu
512 1389 570 1414 aut
596 1383 659 1414 hoc
687 1388 808 1424 potum
835 1384 925 1415 codd.
941 1396 948 1414 ε
988 1383 1169 1414 decoctum
1195 1382 1265 1414 coll.
1293 1382 1404 1415 Diosc.

269 1425 418 1500 Zygssfiest
440 1469 596 1509 Jlayhofs
606 1481 612 1499 ε
645 1473 680 1500 et
698 1473 750 1500 est
767 1479 841 1500 cum
858 1468 982 1510 aliquot
999 1469 1089 1500 codd.
1108 1468 1283 1509 Detlefsen.

273 1550 477 1623 “dludicatio
503 1560 611 1581 seems
638 1554 675 1581 to
703 1549 744 1581 be
770 1549 830 1581 the
856 1551 947 1592 signs
974 1549 1014 1581 of
1037 1549 1148 1587 value,
1177 1549 1311 1591 quality
1337 1549 1406 1580 and

228 1603 292 1634 goo
319 1603 405 1623 ness.

276 1635 288 1654 ⁶
312 1636 373 1666 See
391 1635 452 1666 XI.
471 1637 484 1674 ἓ
500 1637 551 1667 32.

279 1681 290 1696 ⁶
312 1678 373 1709 See
390 1678 490 1709 XXI.
507 1680 521 1717 §
537 1680 588 1709 74.

275 1719 290 1738 ‘¹
311 1721 408 1751 Alica
439 1731 507 1751 was
535 1732 554 1751 a
583 1722 715 1761 variety
743 1721 781 1752 of
806 1721 919 1751 wheat
947 1720 1110 1761 carefully
1142 1719 1307 1761 prepared
1337 1719 1406 1751 and

230 1764 400 1794 whitened
423 1763 505 1794 with
529 1764 639 1794 chalk.
686 1764 746 1795 See
770 1764 904 1795 XVIII.
928 1763 980 1794 ch.
1007 1765 1046 1795 10
1068 1763 1135 1794 and
1159 1764 1210 1794 29.
1257 1763 1300 1795 So
1320 1763 1407 1794 alica

228 1807 314 1838 elata
343 1817 422 1847 may
450 1817 548 1837 mean
576 1806 694 1837 “alica
722 1807 805 1837 with
832 1807 891 1837 the
922 1806 1022 1837 chalk
1053 1806 1188 1837 washed
1219 1805 1316 1837 out.''
1362 1806 1406 1837 So

228 1849 406 1880 Forcellini
417 1861 474 1880 sav.
485 1849 583 1880 alica.
628 1848 747 1879 Elusus
758 1860 821 1880 can
833 1859 931 1880 mean
944 1849 1015 1880 also
1030 1850 1049 1861 “
1060 1848 1229 1884 diluted‚'’
1243 1849 1263 1861 ‘⁸
1274 1848 1405 1880 weak.'’

229 1892 278 1924 Cf.
292 1893 436 1928 Horace,
451 1892 574 1923 Satires
588 1892 634 1923 II.
648 1893 693 1923 iv.
710 1893 759 1924 15.
798 1892 878 1923 This
891 1893 983 1933 gives
996 1902 1033 1922 as
1045 1902 1065 1922 a
1077 1891 1224 1932 possible
1237 1892 1405 1932 meaning,

231 1936 251 1948 “
266 1935 359 1966 weak
382 1934 652 1971 wheat-waterst’
674 1934 757 1965 with
778 1934 823 1965 all
841 1935 899 1965 the
921 1945 1047 1970 coarse,
1066 1934 1152 1965 solid
1171 1937 1248 1975 part
1269 1934 1406 1965 washed

229 1982 301 2009 out.
347 1977 418 2008 The
437 1978 507 2008 diet
526 1977 565 2008 of
581 1983 780 2018 aeqrotantes
799 1988 868 2008 was
889 1977 928 2008 of
944 1977 1013 2008 this
1033 1981 1116 2008 sort.
1162 1977 1234 2008 The
1255 1975 1358 2007 latter
1378 1977 1406 2008 is

229 2020 397 2062 probably
413 2021 472 2051 the
488 2021 647 2062 meaning
663 2021 697 2051 in
713 2021 728 2059 ξ
745 2021 817 2057 128,
834 2020 944 2051 where
959 2031 1014 2051 see
1029 2024 1110 2051 note
1125 2029 1151 2051 c.

233 2087 301 2124 372
