1469 2299
65 278 82 306 m

87 280 105 307 vv

109 281 127 306 Oc

70 755 131 786 259

73 1288 135 1319 2130

355 62 548 99 PLINY:
595 61 856 99 NATURAL
889 60 1124 97 HISTORY

155 165 242 202 oleo
262 165 430 201 inlitum.
486 164 599 200 multi
622 170 662 200 et
684 163 904 211 suggillatis
925 176 1014 198 cum
1035 175 1123 198 cera
1146 162 1329 205 inlinunt,

155 225 196 255 et
217 219 347 254 radice
369 221 407 254 in
429 231 521 253 suco
542 217 603 252 vel
624 230 712 253 cum
736 216 851 252 melle
873 222 1009 251 contra
1030 218 1136 251 canis
1158 229 1328 251 morsum

118 278 322 308 ‘utuntur
371 277 411 307 et
455 276 593 306 contra
640 269 902 318 multipedam
946 282 993 304 ex
1038 271 1139 304 vino.
1195 268 1329 317 hippo-

155 324 380 361 marathum
404 323 453 360 ad
476 326 607 359 omnia
630 322 905 359 vehementius
928 321 1095 357 calculos
1119 324 1330 370 praecipue

155 378 281 427 pellit,
310 377 471 426 prodest
500 379 654 412 vesicae
682 389 771 412 cum
800 378 889 411 vino
918 375 995 411 leni
1026 381 1065 411 et
1096 375 1330 410 feminarum

156 433 367 467 menstruis
389 430 657 466 haerentibus.
714 430 906 465 efficacius
928 431 966 464 in
990 441 1036 464 eo
1056 441 1192 463 semen
1214 441 1331 476 quam

156 484 280 520 radix.
335 483 474 520 modus
495 486 533 518 in
553 489 723 532 utroque
743 482 848 531 quod
868 482 1020 517 duobus
1040 481 1174 530 digitis
1193 483 1332 517 tritum

157 538 317 574 additur
339 539 379 572 in
401 539 617 585 potionem.
674 534 879 571 Petrichus
903 537 969 584 qui
993 533 1156 583 ophiaca
1180 536 1333 583 scripsit

159 597 199 627 et
238 590 408 626 Miccion
438 592 504 638 qui
534 589 875 625 ihizotomumena
905 588 1090 624 adversus
1127 594 1332 636 serpentes

158 643 253 680 nihil
301 644 493 679 efficacius
541 640 845 691 hippomaratho
892 647 1096 690 putavere
1152 653 1245 676 sane
1294 647 1335 677 et

158 696 355 733 Nicander
383 710 460 732 non
489 698 528 731 in
556 697 773 731 novissimis
801 697 944 756 posuit.

209 750 315 786 XCV
320 750 372 786 II.
403 749 627 785 Cannabis
618 762 658 784 in
675 748 779 784 silvis
796 750 967 797 primum
985 753 1080 783 nata
1099 753 1173 791 est,
1192 749 1337 795 nigrior

159 802 260 839 foliis
283 809 324 839 et
346 804 531 851 asperior.
587 814 724 838 semen
747 804 829 837 eius
853 803 1088 850 extinguere
1111 803 1336 850 genituram

159 857 314 893 dicitur.
370 869 484 892 sucus
519 868 567 891 ex
604 868 651 891 eo
685 854 916 891 vermiculos
951 856 1103 890 aurium
1140 859 1180 889 et
1215 853 1337 902 quod-

160 922 331 958 cumque
367 908 512 945 animal
558 910 765 944 intraverit
804 910 909 951 eicit,
954 907 1024 943 sed
1069 920 1159 943 cum
1204 906 1337 943 dolore

159 965 313 1012 capitis,
329 968 525 1012 tantaque
541 964 597 997 vis
615 964 649 998 ei
667 967 727 998 est
742 967 788 997 ut
804 974 932 1010 aquae
948 959 1098 996 infusus
1128 960 1337 1010 coagulare

162 1029 250 1052 eam
288 1016 454 1052 dicatur.
511 1021 552 1052 et
590 1015 680 1051 ideo
718 1017 985 1050 iumentorum
1024 1013 1110 1049 alvo
1149 1015 1338 1049 succurrit

162 1076 278 1119 potus
302 1072 341 1105 in
365 1082 480 1118 aqua.
535 1068 646 1104 radix
671 1067 854 1104 articulos
878 1073 1101 1104 contractos
1126 1066 1275 1103 emollit
1300 1069 1339 1102 in

163 1136 266 1172 aqua
313 1128 438 1166 cocta,
485 1124 583 1158 item
628 1122 824 1171 podagras
873 1127 914 1157 et
960 1122 1106 1157 similes
1153 1122 1336 1169 impetus.

162 1177 354 1212 ambustis
408 1175 530 1212 cruda
583 1175 773 1218 inlinitur,
827 1174 898 1211 sed
950 1176 1106 1223 saepius
1160 1179 1339 1210 mutatur

161 1232 390 1279 priusquam
423 1234 588 1265 arescat.

212 1282 397 1319 XCVIII.
429 1282 570 1318 Ferula
593 1294 732 1318 semen
751 1287 871 1318 aneto
891 1280 1017 1317 simile
1045 1280 1181 1317 habet.
1236 1293 1339 1329 quae

164 1337 215 1372 ab
240 1350 319 1372 uno
343 1335 455 1372 caule
481 1335 669 1372 dividitur
694 1337 734 1371 in
758 1337 962 1371 cacumine
988 1333 1135 1370 femina
1160 1339 1337 1383 putatur.

161 1389 294 1425 caules
320 1390 493 1425 eduntur
517 1389 685 1432 decocti,
709 1388 1119 1436 commendanturque
1144 1389 1271 1423 muria
1295 1400 1339 1423 ac

161 1443 291 1486 melle,
321 1442 525 1480 stomacho
554 1442 704 1479 utiles.1
760 1445 819 1478 sin
852 1442 983 1491 plures
1009 1443 1170 1490 sumpti,
1199 1443 1338 1490 capitis

163 1496 338 1532 dolorem
388 1495 551 1532 faciunt.
607 1495 718 1531 radix
767 1495 917 1532 denarii
960 1494 1137 1544 pondere
1179 1496 1219 1530 in
1260 1496 1338 1530 vini

163 1549 316 1599 cyathis
349 1549 501 1585 duobus
533 1549 682 1585 bibitur
713 1548 899 1584 adversus
932 1553 1152 1596 serpentes,
1184 1553 1225 1583 et
1256 1549 1339 1596 ipsa

163 1602 274 1639 radix
297 1605 510 1652 inponitur.
566 1605 619 1638 sic
643 1608 683 1638 et
705 1602 940 1638 torminibus
963 1601 1160 1644 medetur,
1183 1613 1232 1637 ex
1253 1600 1340 1637 oleo

467 1694 478 1714 ¹
505 1695 605 1726 utiles
626 1695 783 1736 Mayhoff
793 1707 801 1726 ε
834 1695 926 1726 utilis
944 1695 1034 1726 codd.

411 1810 426 1824 ⁶
449 1805 494 1837 Or
511 1805 660 1845 possibly
678 1809 697 1822 “
710 1804 926 1845 persistent.''

414 1846 427 1867 ⁶
450 1849 631 1884 Nicander,
652 1849 823 1883 Thermon,
842 1858 875 1888 p.
895 1849 968 1879 596.

414 1896 425 1910 ⁶
447 1891 496 1922 Cf.
516 1892 530 1929 ἓ
550 1892 612 1922 228
630 1891 697 1921 and
717 1894 796 1921 note
815 1900 857 1921 on
878 1890 995 1920 XXIL
1015 1891 1028 1928 ξ
1051 1891 1120 1921 122.

413 1933 427 1953 ⁸¹
451 1934 497 1965 Or
514 1938 533 1950 “
547 1933 840 1965 reeommen‹lod.’'

170 1999 236 2036 152
