1469 2299
105 211 146 241 68

378 102 571 140 PLINY:
617 104 878 142 NATURAL
911 104 1146 141 HISTORY

172 210 318 249 ratum,
342 207 477 254 primis
502 208 634 242 omnia
658 206 849 242 imbribus
874 208 1098 243 emicantia.
1154 209 1344 243 coronarii

173 264 335 313 quidem
362 270 403 300 et
427 267 565 314 spinae
590 264 686 301 flore
712 270 894 308 utuntur,
920 267 1068 315 quippe
1093 278 1184 302 cum
1209 268 1346 315 spinae

173 323 288 359 albae
327 323 508 359 cauliculi
547 325 653 360 inter
691 324 990 360 oblectamenta
1029 337 1189 373 quoque
1228 324 1347 374 gulae

172 381 421 418 condiantur.
476 382 539 418 ilic
574 387 635 418 est
669 388 778 419 trans
812 385 936 418 maria
969 382 1066 419 ordo
1099 382 1252 419 florum.
1307 385 1346 419 in

175 440 292 476 Italia
329 440 439 477 violis
476 441 654 477 succedit
691 454 792 485 rosa,
828 440 919 477 huic
957 444 1173 478 intervenit
1210 441 1348 484 lilium,

172 512 303 536 rosam
344 512 493 549 cyanus
537 502 698 549 excipit,
740 513 912 550 cyanum
955 506 1197 537 amarantus.
1254 514 1345 537 nam

174 560 419 607 vicapervica
452 571 610 607 semper
649 561 750 595 viret
788 561 827 595 in
862 558 1024 595 modum
1063 559 1211 595 liniael
1246 558 1346 595 foliis

173 616 432 666 geniculatim
479 617 738 661 circumdata,
785 620 955 667 topiaria
997 617 1134 661 herba,
1177 620 1349 667 inopiam

174 681 312 712 tamen
346 675 486 712 florum
521 676 735 725 aliquando
767 676 941 725 supplet.
996 676 1096 713 haec
1129 690 1152 713 a
1185 676 1347 714 Graecis

173 733 502 783 chamaedaphne
528 741 704 771 vocatur.

226 793 311 830 XL.
341 793 436 829 Vita
458 793 686 843 longissima
709 793 835 830 violae
859 794 973 830 albae
996 796 1175 831 trimatu.
1230 795 1281 831 ab
1304 807 1348 831 eo

174 857 356 901 tempore
383 852 618 902 degenerat.
674 866 761 889 rosa
788 858 829 889 et
855 855 1172 902 quinquennium
1199 852 1350 902 perfert

175 924 252 947 non
280 913 405 948 recisa
432 924 505 947 nec
533 912 688 948 adusta.
745 911 809 948 illo
838 914 941 948 enim
970 911 1088 948 modo
1116 913 1349 948 iuvenescit.

175 969 346 1006 diximus
396 976 438 1006 et
487 975 637 1007 terram
687 969 835 1007 referre
886 970 1112 1020 plurimum.
1168 984 1260 1006 nam
1309 973 1348 1007 in

176 1029 366 1079 Aegypto
391 1031 475 1065 sine
501 1029 622 1066 odore
647 1029 746 1066 haec
771 1031 916 1073 omnia,
942 1035 1184 1079 tantumque
1209 1032 1349 1080 myrtis

174 1087 270 1124 odor
312 1090 572 1137 praecipuus;
633 1088 804 1124 alicubi2
843 1091 966 1125 etiam
1008 1089 1110 1124 binis
1147 1089 1349 1125 mensibus

174 1146 380 1183 antecedit
419 1149 659 1196 germinatio
699 1149 888 1184 onmium.
944 1149 1092 1184 rosaria
1131 1160 1154 1183 a
1193 1146 1350 1184 favonio

175 1205 278 1242 fossa
296 1211 457 1255 oportet
476 1219 563 1243 esse
581 1209 809 1256 iterumque
827 1206 1012 1250 solstitio,
1031 1211 1074 1243 et
1091 1205 1131 1242 id
1150 1206 1350 1256 agendum

175 1270 219 1301 ut
239 1267 344 1301 intra
364 1265 404 1301 id
424 1270 585 1314 tempus
606 1271 779 1315 purgata
800 1278 845 1301 ac
865 1278 964 1315 pura
984 1268 1075 1302 sint.

222 1351 233 1370 ¹
256 1351 357 1382 liniae
373 1362 445 1382 cum
459 1351 486 1381 E
503 1351 596 1389 vulq„
616 1351 790 1392 Detlefsen,
809 1351 983 1392 sllayhoff:
1008 1351 1044 1381 in
1061 1351 1139 1382 aliis
1156 1352 1245 1383 codd.
1262 1351 1350 1383 liliae

177 1398 234 1424 ant
250 1393 311 1425 lilii
328 1392 454 1434 leqilur.
506 1394 636 1425 Urlichs
654 1394 788 1425 laureae
806 1394 904 1430 coni..
924 1394 1006 1425 milii
1027 1393 1190 1434 Mayhsosf.

222 1437 234 1455 ²
256 1437 380 1468 alicubi
402 1437 509 1476 vulqst
546 1438 642 1477 atqui
665 1437 850 1477 Dellefsen:
885 1437 1012 1477 alioqui
1036 1437 1211 1477 Mayhoff:
1246 1436 1350 1477 aliqui

178 1484 234 1510 aut
252 1479 375 1520 aliquis
393 1481 483 1511 codd.
498 1480 741 1519 Theophrastus
757 1480 845 1511 H.P.
860 1480 917 1510 VI.
933 1482 963 1516 8,
977 1483 1015 1511 5:
1042 1482 1208 1520 προτερεῖν
1222 1479 1257 1510 δέ
1272 1480 1350 1520 φασι

179 1524 242 1553 τῶν
257 1520 393 1554 ἐνταῦθα
410 1526 466 1561 (sc.
486 1521 520 1554 ἐν
536 1522 708 1563 Αἰγύπτῳ)
726 1521 779 1553 καὶ
796 1522 874 1562 ῥόδα
892 1522 946 1554 καὶ
970 1546 976 1552 .
1004 1546 1010 1552 .
1038 1546 1045 1553 .
1070 1522 1231 1562 διαμένειν
1249 1522 1349 1554 πλείω

175 1568 240 1596 τῶν
264 1564 338 1605 παρ’
366 1565 441 1605 ἡμῖν
460 1565 553 1596 κ.τ.λ.
603 1566 692 1596 ‚vum
716 1565 853 1597 Plinius
876 1577 935 1606 pro
951 1567 1017 1596 τῶν
1033 1564 1108 1605 παρ’
1126 1564 1202 1605 ἡμῖν
1221 1565 1350 1597 Italicis

178 1608 310 1648 scripsit
323 1611 335 1640 ⁸?
383 1608 533 1639 Fortasse
547 1608 642 1639 alibi.

218 1714 232 1728 ‘¹
256 1710 316 1741 See
331 1711 345 1747 ἓ
363 1712 414 1740 48.

221 1753 233 1772 ὓ
256 1754 345 1784 Most
363 1754 566 1784 authorities
583 1754 665 1784 take
682 1753 751 1784 this
766 1756 804 1784 to
823 1753 863 1784 be
881 1763 943 1784 our
960 1753 1167 1794 periwinkle.

220 1797 270 1827 ⁶1
285 1796 367 1827 take
380 1796 466 1827 linia
480 1800 517 1827 to
531 1796 618 1827 refer
631 1800 668 1827 to
681 1796 741 1827 the
755 1796 843 1827 form
859 1796 898 1827 of
911 1796 970 1827 the
982 1796 1138 1836 formido,
1153 1806 1173 1826 a
1187 1795 1254 1826 line
1269 1796 1350 1827 with

174 1839 322 1870 feathers
335 1843 372 1869 at
385 1839 549 1870 intervals
561 1843 598 1870 to
611 1850 704 1870 scare
717 1849 814 1879 away
828 1838 931 1870 birds.
976 1839 1030 1870 An
1044 1838 1111 1869 odd
1125 1839 1350 1879 comparison,

173 1882 240 1912 and
258 1882 317 1912 the
331 1881 462 1913 laureae
474 1882 592 1920 (taken
604 1881 729 1922 closely
742 1882 824 1912 with
839 1892 965 1921 semper
981 1881 1156 1922 vireo—cp.
1170 1881 1228 1912 the
1241 1881 1350 1912 Greek

175 1934 274 1954 name
289 1923 583 1965 chamaedaphne)
599 1924 638 1956 of
652 1924 787 1956 Urlichs
805 1925 833 1955 is
849 1925 1046 1956 attractive.

255 1967 588 1999 “''Ground-laurel.

177 2040 247 2064 210
