1469 2299
107 255 147 283 44

103 1269 144 1297 46

380 93 574 131 PLINY:
619 94 880 131 NATURAL
914 95 1147 132 HISTORY

174 195 417 245 Alpiumque
456 198 601 244 aprica,
640 196 795 232 urbium
834 196 1046 245 Eporedia,
1085 202 1224 234 tantae
1262 211 1349 234 sua-

175 252 308 285 vitatis
342 256 387 286 ut
418 249 625 285 metallum
659 262 744 285 esse
776 252 965 298 coeperit.
1023 251 1197 287 vestibus
1229 253 1349 287 inter-

175 305 265 351 poni
302 315 390 339 eam
425 305 707 352 gratissimum,
738 302 883 352 (XXI.)
911 305 1012 339 sicut
1042 303 1147 352 apud
1177 304 1349 340 Graecos

174 356 336 404 polium,
354 355 519 392 herbam
537 356 728 392 inclutam
748 355 904 392 Musaei
925 362 966 392 et
986 356 1149 393 Hesiodi
1168 357 1348 394 laudibus

174 409 223 445 ad
249 412 380 445 omnia
406 409 546 445 utilem
571 409 888 458 praedicantium
914 422 1113 458 superque
1138 415 1273 447 cetera
1299 411 1349 447 ad

174 462 320 499 famam
356 465 477 499 etiam
513 475 557 498 ac
591 462 824 512 dignitates,
858 476 1096 512 prorsusque
1129 466 1284 507 miram,
1317 467 1346 500 si

174 516 304 559 modo,
330 522 375 552 ut
400 516 579 558 tradunt.
605 515 698 552 solia
723 519 806 552 eius
832 529 948 552 mane
974 516 1157 560 candida,
1182 517 1348 554 meridie

173 582 385 618 pmpurea,
411 569 492 605 sole
518 552 725 606 occidente
751 569 934 606 caerulea
960 572 1214 619 aspiciuntur.
1270 571 1348 607 duo

172 636 322 672 genera
343 625 448 659 eius:
484 628 707 671 campestre
730 625 870 666 maius,
891 623 1070 659 silvestre
1093 623 1199 672 quod
1219 626 1348 661 minus

173 682 246 712 est.
302 676 464 725 quidam
496 679 673 712 teutrion
707 682 860 712 vocant.
916 675 1009 712 folia
1040 679 1146 713 canis
1180 676 1348 714 hominis

172 729 327 772 similia,
347 743 369 765 a
389 729 521 765 radice
541 732 734 778 protinus,
754 743 972 778 numquam
992 729 1124 779 palmo
1144 730 1295 767 altiora.

223 783 354 819 XXII.
384 783 437 818 Et
476 783 525 818 de
564 782 737 819 odoratis
775 782 935 819 floribus
973 786 1068 819 satis
1106 783 1271 827 dictum,
1310 787 1348 820 in

172 837 314 884 quibus
350 842 556 885 unguento
590 839 727 872 vicisse
761 842 946 872 naturam
980 837 1159 886 gaudens
1194 837 1348 874 luxuria

173 890 348 925 vestibus
388 902 546 938 quoque
587 892 814 937 provocavit
853 902 919 926 eos
958 889 1073 926 flores
1113 893 1180 939 qui
1219 891 1347 927 colore

173 943 515 980 commendantur.
572 942 641 979 hos
671 943 944 979 animadverto
977 949 1058 980 tres
1089 956 1174 980 esse
1207 947 1349 993 princi-

171 996 294 1044 pales,
323 997 535 1033 rubentem
565 1002 609 1032 ut
638 999 677 1032 in
706 1010 834 1039 cocco,
864 999 929 1045 qui
960 1009 982 1032 a
1010 1010 1122 1033 rosae
1152 999 1345 1047 nigrantis

169 1052 299 1099 gratia
319 1050 445 1086 nitido
461 1051 473 1072 ¹
498 1048 669 1085 trahitur
683 1056 871 1099 suspectu
888 1055 929 1086 et
944 1052 984 1085 in
1000 1063 1193 1099 purpuras
1208 1051 1346 1101 Tyrias

171 1102 445 1152 dibaphasque
467 1116 510 1139 ac
532 1103 761 1145 Laconicas,
782 1102 1096 1153 amethystinum
1118 1106 1184 1153 qui
1205 1117 1227 1140 a
1247 1105 1348 1141 viola

172 1162 213 1192 et
247 1159 331 1205 ipse
366 1159 406 1192 in
440 1169 683 1205 purpureum
718 1170 918 1205 quemque
954 1156 1178 1194 ianthinum
1213 1158 1346 1207 appel-

172 1209 347 1246 lavimus.
402 1223 552 1259 genera
579 1213 684 1246 enim
712 1215 929 1246 tractamus
956 1213 996 1246 in
1022 1213 1174 1259 species
1201 1211 1346 1248 multas

170 1276 257 1299 sese
291 1266 533 1313 spargentia.
588 1265 731 1299 tertius
767 1269 827 1300 est
862 1266 927 1312 qui
963 1267 1119 1313 proprie
1153 1264 1345 1315 conchylii

170 1317 430 1366 intellegitur,
454 1317 587 1353 multis
612 1317 759 1353 modis:
798 1331 897 1353 unus
920 1319 959 1353 in
983 1317 1218 1366 heliotropio
1241 1324 1283 1354 et
1306 1322 1344 1354 in

170 1370 301 1419 aliquo
318 1370 427 1407 exilis
442 1372 456 1394 2
477 1370 712 1419 plerumque
729 1373 955 1413 saturatior,
970 1371 1066 1407 alius
1087 1374 1125 1407 in
1145 1371 1274 1408 malva
1294 1372 1343 1408 ad

170 1436 385 1472 purpuram
413 1424 617 1467 inclinans,
647 1424 744 1460 alius
774 1426 814 1459 in
843 1424 945 1460 viola
973 1427 1148 1461 serotina
1176 1424 1344 1475 conchy-

218 1502 227 1521 1
252 1512 347 1532 rosae
375 1502 541 1542 nigrantis
569 1502 678 1542 gratia
709 1502 818 1532 nitido
848 1502 1022 1542 Jlayhzff:
1067 1503 1148 1533 rosis
1178 1504 1345 1543 migrante

173 1545 282 1585 gratia
300 1544 453 1575 nonnihil
469 1544 633 1583 Dellefsen
650 1557 656 1574 ε
685 1546 767 1575 rosis
783 1545 951 1584 migrante
967 1546 1075 1585 gratia
1094 1545 1177 1575 nihil
1192 1547 1281 1577 codd.

213 1587 226 1606 ²
249 1587 343 1618 exilis
366 1586 540 1627 Mayhosf:
572 1587 690 1617 exilior
714 1592 769 1618 vet.
791 1587 867 1618 Dal.
890 1587 947 1627 qui
968 1591 1002 1618 et
1024 1587 1210 1627 aliquando
1231 1599 1289 1628 pro
1311 1589 1343 1618 in

167 1629 283 1670 aliquo
298 1629 424 1662 scribit:
447 1641 489 1660 ex
506 1630 557 1660 his
572 1630 660 1661 codd.

212 1721 226 1735 ⁰
251 1717 296 1747 As
314 1716 425 1756 being,
443 1717 476 1746 in
493 1726 587 1746 some
604 1726 691 1756 way,
709 1726 728 1746 a
745 1721 841 1756 great
858 1726 976 1746 source
993 1716 1032 1746 of
1044 1717 1187 1747 income.

213 1759 225 1778 ¹²
248 1759 289 1789 In
319 1769 381 1789 our
411 1758 504 1789 MSS.
534 1758 604 1789 this
632 1761 792 1789 sentence
821 1760 848 1788 is
878 1759 1162 1790 untranslatable.
1210 1759 1225 1789 I
1257 1760 1343 1791 have

165 1801 355 1832 translated
380 1801 545 1841 Mayhoff,
564 1801 640 1831 who
660 1802 753 1841 gives
773 1811 792 1831 a
811 1805 899 1837 text,
919 1802 1107 1841 suspicions
1127 1802 1259 1838 indeed,
1281 1803 1342 1833 but

165 1846 235 1884 just
256 1844 399 1884 capable
417 1844 455 1874 of
471 1844 572 1885 being
590 1843 784 1874 construed.
831 1844 902 1874 The
922 1849 1011 1875 most
1031 1845 1175 1875 difficult
1196 1846 1285 1875 word
1306 1850 1342 1876 to

166 1886 389 1923 understand,
404 1890 567 1926 suspectu,
583 1887 611 1917 is
626 1886 815 1927 supported
832 1886 877 1926 by
893 1887 936 1917 all
960 1887 1051 1918 Mss.
1098 1887 1168 1918 The
1190 1888 1341 1927 problem

165 1932 192 1961 is
220 1930 318 1960 made
345 1940 388 1960 no
414 1930 521 1960 easier
547 1929 592 1970 by
619 1929 678 1960 the
704 1939 809 1969 many
834 1929 993 1960 different
1018 1929 1140 1961 shades
1167 1930 1205 1961 of
1227 1931 1341 1962 eolour

165 1972 313 2003 denoted
340 1972 384 2013 by
410 1982 563 2012 purpura
586 1972 655 2002 and
681 1982 880 2012 purpureus

170 2035 234 2070 192
