1469 2299
90 581 130 609 47

88 1159 129 1190 48

91 1546 132 1576 49

365 87 559 125 PLINY:
604 87 865 125 NATURAL
898 87 1132 125 HISTORY

160 189 298 225 liorum
335 192 624 239 vegetissimus.
686 192 797 238 paria
834 203 937 226 nunc
975 196 1253 239 conponuntur
1291 197 1333 228 et

159 259 300 289 natura
329 259 451 303 atque
481 254 635 290 luxuria
664 253 910 303 depugnant.
966 254 1063 290 lutei
1091 254 1204 291 video
1236 254 1331 291 hon-

157 331 265 354 orem
295 320 626 367 antiquissimum,
646 320 685 354 in
712 318 955 367 nuptialibus
981 317 1171 355 flammeis
1196 325 1329 356 totum

158 381 312 418 feminis
347 395 590 426 concessum,
620 388 662 418 et
695 381 871 419 fortassis
901 382 991 418 ideo
1020 396 1099 419 non
1130 386 1329 420 numerari

158 449 261 482 inter
298 447 547 496 principales,
585 446 658 483 hoc
697 452 759 483 est
797 460 1027 483 communes
1068 448 1242 484 maribus
1289 461 1334 484 ac

158 510 327 555 feminis,
348 514 535 560 quoniam
555 513 723 547 societas
744 513 1011 560 principatum
1031 510 1155 548 dedit.

209 575 363 611 XXIII.
394 576 615 611 Amaranto
632 589 709 611 non
726 575 846 612 dubie
862 577 1064 612 vincimur.
1120 581 1181 612 est
1198 582 1334 613 autem

157 641 265 688 spica
287 653 487 689 purpurea
512 642 638 676 verius
663 654 782 689 quam
806 639 876 676 flos
900 639 1053 689 aliquis,
1077 645 1119 676 et
1141 642 1225 689 ipse
1248 643 1332 678 sine

158 703 290 740 odore.
345 707 489 740 mirum
528 706 567 740 in
608 718 654 740 eo
694 704 870 754 gaudere
910 703 1069 754 decerpi
1110 709 1152 741 et
1191 704 1333 742 laetius

158 770 320 805 renasci.
376 771 558 817 provenit
583 769 768 818 Augusto
793 781 944 811 mense,
969 768 1088 805 durat
1112 771 1152 804 in
1177 775 1334 806 autum-

157 846 264 868 num.
320 833 592 869 Alexandrino
638 833 783 881 palma,
830 835 897 882 qui
943 832 1155 882 decerptus
1202 833 1334 870 adser-

157 902 285 939 vatur,
324 899 518 946 mireque,
558 903 770 946 postquam
810 896 994 933 defecere
1034 899 1164 934 cuncti
1205 897 1332 942 flores,

156 960 405 997 madefactus
426 975 529 1010 aqua
549 964 756 998 revivescit
776 967 818 998 et
836 960 1021 997 hibernas
1041 975 1202 998 coronas
1223 961 1329 999 facit.

159 1039 314 1061 summa
360 1031 528 1062 naturae
576 1028 658 1062 eius
706 1028 745 1062 in
791 1028 950 1062 nomine
998 1031 1072 1069 est,
1119 1026 1334 1076 appellato,

156 1092 344 1139 quoniam
370 1104 447 1126 non
475 1095 705 1126 marcescat.

207 1154 353 1190 XXIV.
386 1154 431 1190 In
453 1157 612 1191 nornine
635 1160 677 1191 et
697 1156 812 1205 cyani
833 1154 952 1198 colos,
973 1157 1072 1192 item
1093 1153 1328 1206 holochrysi.

156 1231 294 1255 omnes
323 1224 460 1256 autem
487 1218 525 1254 hi
556 1218 670 1255 flores
698 1232 777 1255 non
804 1218 916 1255 fuere
944 1221 984 1255 in
1012 1233 1084 1255 usu
1113 1219 1331 1256 Alexandri

159 1282 299 1333 Magni
328 1288 479 1327 aetate,
508 1285 696 1333 quoniam
724 1285 892 1332 proximi
921 1297 943 1319 a
970 1289 1100 1320 morte
1129 1286 1212 1320 eius
1241 1298 1331 1321 auc—

156 1352 262 1383 tores
298 1347 441 1384 siluere
476 1347 526 1384 de
562 1348 649 1391 illis,
685 1361 764 1397 quo
799 1347 1058 1384 manifestum
1094 1354 1156 1385 est
1190 1354 1332 1398 postea

156 1411 363 1460 placuisse.
419 1425 442 1448 a
474 1412 636 1449 Graecis
669 1418 807 1449 tamen
839 1418 1019 1461 repertos
1052 1415 1139 1462 quis
1171 1412 1332 1450 dubitet

157 1489 235 1512 non
264 1476 380 1512 aliter
410 1476 527 1513 Italia
557 1482 775 1526 usurpante
805 1479 966 1513 nomina
994 1477 1177 1513 illorum?

210 1540 334 1576 XXV.
365 1541 435 1584 At,
458 1541 665 1584 Hercules,
687 1540 850 1590 petellio
872 1543 957 1590 ipsa
977 1554 1123 1577 nomen
1144 1543 1332 1591 inposuit,

158 1605 378 1641 autumnali
398 1607 581 1655 circaque
602 1618 741 1655 vepres
762 1607 941 1642 nascenti
962 1611 1004 1642 et
1022 1611 1183 1642 tantum
1202 1606 1331 1643 colore

157 1669 452 1714 commendato,
483 1672 550 1720 qui
582 1675 643 1706 est
673 1682 786 1706 rosae
816 1670 1017 1707 silvestris.
1073 1669 1167 1707 folia
1197 1684 1332 1720 parva,

199 1803 214 1818 ⁰
238 1799 293 1835 Or,
313 1799 495 1839 “reviving
512 1799 638 1830 fresher
653 1799 739 1830 than
755 1799 868 1835 ever‚''
885 1799 938 1837 (of
950 1799 1009 1830 the
1025 1799 1170 1840 plucked
1186 1799 1325 1839 flower).

199 1840 212 1860 ‘²
235 1842 337 1873 From
357 1842 416 1873 the
437 1842 547 1874 Greek
567 1841 600 1873 ἀ-
621 1843 689 1873 and
709 1842 867 1883 μαραίνω,
887 1842 954 1879 i.e.‚
975 1844 995 1855 ‘⁶
1008 1842 1190 1874 fadeless.'’

204 1890 215 1904 ⁶
238 1885 397 1926 Meaning
421 1895 534 1922 azure‚
559 1885 646 1916 dark
670 1885 760 1916 blue.
807 1885 958 1927 Perhaps
980 1885 1040 1916 the
1066 1886 1273 1918 cornfiower.

200 1926 214 1950 ἆ
241 1924 259 1943 ‘²
275 1926 329 1961 All
345 1929 460 1971 gold.''
508 1929 660 1970 Perhaps
677 1928 868 1970 cassidony.

158 2021 226 2056 194
