1469 2299
106 210 148 241 90

106 976 143 1008 91

378 101 573 138 PLINY:
619 101 879 139 NATURAL
912 101 1146 138 HISTORY

225 203 338 240 LIII.
371 203 524 240 Multas
572 209 784 252 praeterea
830 202 1024 253 ignobiles
1071 202 1237 246 habent,
1279 202 1350 240 sed

174 276 348 309 maxime
392 273 598 309 celebrant
641 285 790 309 cnecon
835 272 976 309 Italiae
1019 274 1213 322 ignotam,
1256 274 1348 321 ipsis

174 349 311 379 autem
331 342 432 386 oleo,
453 356 532 379 non
552 343 640 378 cibo
660 348 830 391 gratam.
886 341 958 378 hoc
980 341 1132 378 faciunt
1154 355 1174 378 e
1195 344 1347 378 semine

175 415 270 448 eius.
326 411 552 448 differentia
579 414 706 461 prima
732 412 920 448 silvestris
949 417 990 448 et
1017 413 1168 464 mitior..
1216 411 1348 448 silves-

174 484 293 518 trium
308 481 412 518 duae
429 483 593 531 species.
651 494 729 517 una
742 483 886 517 mitiori
901 480 1070 524 similis‚1
1085 480 1197 517 caule
1212 486 1348 517 tamen

174 551 323 602 rigid03
362 553 500 601 itaque
526 557 567 587 et
591 550 677 587 colu
705 553 896 600 antiquae
922 551 1140 587 utebantur
1165 563 1213 586 ex
1242 550 1348 593 illis‚‘-'

174 634 297 670 quare
351 621 513 670 quidam
568 620 809 671 atractylida
862 625 1017 656 vocant,
1072 633 1209 657 semen
1264 622 1347 656 eius

173 690 387 727 candidum
433 696 475 727 et
518 690 685 740 grande,
731 703 922 726 amarum.
978 689 1106 726 altera
1149 689 1348 733 hirsutior,

174 762 365 797 torosiore
396 760 509 797 caule
541 766 582 797 et
614 762 681 810 qui
713 773 842 810 paene
872 759 981 796 humi
1014 765 1163 809 serpat,
1194 762 1348 796 minuto

174 833 338 867 semine.
394 830 667 867 aculeatarum
707 832 865 880 generis
904 828 1004 866 haec
1045 835 1120 873 est,
1161 831 1347 879 quoniam

175 900 461 951 distinguenda
489 906 583 937 sunt
612 906 654 936 et
681 913 842 950 genera.

225 970 328 1007 LIV.
358 970 465 1020 Ergo
511 970 711 1020 quaedam
755 969 970 1006 herbarum
1015 972 1197 1019 spinosae
1242 976 1349 1013 sunt,

174 1040 373 1090 quaedam
408 1042 492 1076 sine
526 1042 660 1090 spinis.
717 1041 965 1090 spinosarum
998 1039 1149 1076 multae
1184 1042 1348 1089 species.

173 1112 212 1146 in
238 1115 369 1147 totum
394 1112 507 1159 spina
532 1116 594 1147 est
618 1123 849 1159 asparagus,
874 1111 1041 1159 scorpio,
1065 1109 1217 1146 nullum
1244 1112 1349 1146 enim

174 1179 312 1216 folium
345 1179 510 1217 habent.
567 1179 767 1229 quaedam
800 1182 959 1229 spinosa
992 1178 1130 1216 foliata
1163 1185 1271 1223 sunt,
1305 1185 1350 1216 ut

174 1249 357 1294 carduus,
410 1263 574 1300 erynge,
626 1248 888 1300 glycyrrhiza,
939 1251 1077 1286 urtica.
1132 1248 1191 1286 his
1244 1251 1349 1286 enim

173 1320 356 1356 omnibus
381 1319 482 1356 foliis
507 1322 611 1356 inest
636 1319 819 1356 aculeata
843 1319 1096 1356 mordacitas.
1152 1319 1285 1369 aliqua
1309 1325 1351 1355 et

173 1389 393 1426 secundum
432 1391 587 1438 spinam
627 1389 780 1426 habent
820 1388 971 1433 folium,
1011 1394 1057 1425 ut
1096 1388 1266 1426 tribulus
1307 1395 1349 1425 et

174 1461 323 1496 anonis.
379 1459 579 1508 quaedam
609 1461 648 1496 in
679 1458 771 1496 folio
802 1472 881 1495 non
910 1458 1064 1495 habent
1095 1464 1136 1495 et
1165 1461 1206 1494 in
1235 1458 1348 1495 caule

175 1528 338 1572 habent,
368 1534 414 1565 ut
442 1528 565 1578 pheos
595 1529 701 1578 quod
731 1528 851 1578 aliqui
880 1530 1050 1566 stoeben
1080 1528 1346 1578 appellavere.

221 1637 232 1655 ¹
257 1637 375 1668 similis
397 1637 538 1674 Urlichs,
558 1637 732 1678 Dades-zen,
751 1638 926 1677 Mayhoff:
957 1637 1056 1668 simili
1075 1637 1164 1668 codd.

223 1681 235 1699 ²
257 1692 299 1711 ex
319 1680 384 1711 illis
405 1681 507 1717 codd„
532 1681 716 1721 Detlessen:
751 1680 847 1711 exilis
869 1680 977 1721 wlff:
1011 1680 1090 1711 exili
1113 1679 1276 1720 Mayhoff.

217 1836 230 1850 ‘¹
253 1831 509 1873 Theophrastus
537 1831 639 1871 (H.P.
668 1832 726 1863 VI.
758 1834 790 1869 4,
817 1834 851 1873 5)
878 1832 939 1863 has
966 1830 1235 1871 εὖθυκαυλότερον
1264 1831 1355 1871 (“0f

172 1875 356 1915 straighter
377 1875 468 1905 stalk
483 1875 530 1913 ”).

219 1917 230 1937 ⁶
254 1920 306 1949 Ex
330 1916 409 1947 illis.
457 1917 550 1948 With
576 1917 635 1948 the
661 1917 801 1958 reading
826 1917 864 1948 of
886 1917 1040 1958 Mayhoff
1066 1916 1195 1957 (exili):
1236 1917 1305 1948 “as
1329 1927 1350 1947 a

171 1959 305 1991 slender
323 1960 477 1991 distaff.''

173 2029 242 2065 226
