1469 2299
126 451 165 481 59

129 1127 169 1154 60

130 1432 165 1461 61

397 97 481 134 PLI
487 96 559 132 NY
573 110 582 134 ε
625 95 887 133 NATURAL
924 95 1155 133 HISTORY

190 199 413 250 hydropicis
446 199 575 235 datur.
631 198 742 234 caule
777 203 818 234 et
850 197 950 233 foliis
984 200 1170 241 contusis,
1203 210 1362 246 asperso

191 261 285 304 sale,
319 263 427 296 nervi
461 262 569 296 incisi
603 265 805 296 sanantur.
861 258 1003 295 eadem
1036 261 1132 295 trita
1165 271 1213 295 ex
1248 264 1362 295 aceto

191 322 351 358 conluta
391 323 595 358 matutinis
643 321 701 357 bis
748 332 885 356 mense
932 319 1113 356 dentium
1159 319 1362 356 doloreml

191 382 386 432 prohibet.

243 444 366 480 XXV.
397 444 577 480 Alterum
612 449 673 480 est
702 456 828 493 genus
860 441 965 492 quod
997 441 1137 479 Graeci
1169 455 1363 491 caesapon

194 512 346 542 vocant.
402 505 515 542 huius
559 504 651 541 folia
696 507 789 541 trita
833 510 874 540 et
916 517 1005 540 cum
1049 503 1210 553 polenta
1253 504 1364 540 inlita

194 567 387 603 ulceribus
413 567 637 603 medentur.
693 565 790 602 haec
816 568 854 601 in
880 567 980 601 arvis
1006 571 1231 602 nascuntur.
1287 571 1363 601 ter-

194 631 290 664 tium
326 641 451 677 genus
482 630 519 664 in
550 628 652 664 silvis
684 640 847 663 nascens
876 625 1010 665 ἰσάτιν
1042 632 1195 663 vocant.
1251 626 1364 663 huius

194 689 284 725 folia
311 693 405 727 trita
434 703 521 725 cum
551 689 712 738 polenta
740 689 964 725 vulneribus
992 694 1168 738 prosunt.
1224 694 1365 737 quarto

194 750 404 787 infectores
449 751 625 787 lanarum
669 755 847 787 utuntur.
903 750 1028 786 simile
1072 755 1157 785 erat
1204 748 1365 798 lapatho

194 812 359 848 silvestri
391 811 504 855 foliis,
534 814 603 848 nisi
635 812 747 861 plura
775 811 943 848 haberet
973 817 1014 848 et
1043 813 1223 860 nigriora.
1279 824 1366 847 san-

193 876 355 923 guinem
389 876 505 916 sistit,
540 873 821 923 phagedaenas
856 878 897 909 et
932 875 1202 922 putrescentia
1235 872 1367 909 ulcera

195 941 236 971 et
261 948 363 984 quae
389 941 554 983 serpunt
579 941 708 978 sanat,
734 937 831 971 item
856 940 1031 971 tumores
1057 940 1151 970 ante
1176 947 1365 983 suppura-

193 998 356 1039 tionem,
397 1000 529 1046 ignem
570 1010 722 1032 sacrum
763 996 894 1032 radice
935 996 995 1032 vel
1036 995 1147 1032 foliis.
1204 995 1365 1044 prodest

194 1057 254 1093 vel
281 1057 331 1094 ad
356 1058 478 1094 lienes
505 1064 610 1107 pota.
667 1057 764 1094 haec
789 1060 947 1107 propria
971 1057 1145 1107 singulis.

247 1119 391 1156 XXVI.
423 1119 656 1156 Communia
681 1125 817 1155 autem
837 1124 979 1168 sponte
1004 1119 1257 1155 nascentibus
1277 1131 1362 1155 can-

194 1180 278 1224 dor,
304 1180 424 1217 caulis
451 1181 650 1217 interdurn
682 1180 841 1217 cubitali
874 1180 1135 1230 longitudine,
1162 1179 1299 1230 thyrso
1326 1185 1368 1216 et

194 1240 294 1278 foliis
307 1243 503 1279 scabritia.
536 1255 584 1279 ex
600 1245 643 1278 iis
659 1242 828 1279 rotunda
842 1242 934 1278 folia
949 1247 990 1278 et
1003 1242 1137 1278 brevia
1150 1240 1367 1278 habentem

197 1309 289 1339 sunt
317 1306 381 1353 qui
412 1303 610 1340 hieracion
639 1309 794 1347 vocent,
824 1305 1009 1353 quoniam
1039 1305 1244 1352 accipitres
1272 1303 1365 1340 scal—

197 1365 327 1413 pendo
354 1378 440 1402 eam
468 1378 640 1414 sucoque
667 1365 797 1401 oculos
823 1365 1044 1415 tinguendo
1069 1365 1367 1408 obscuritatem,

196 1439 284 1462 cum
317 1439 490 1468 sensere,
522 1427 748 1463 discutiant.
804 1440 918 1463 sucus
951 1427 1131 1463 omnibus
1164 1426 1366 1467 candjdus,

195 1488 338 1524 viribus
364 1501 521 1538 quoque
548 1490 733 1537 papaveri
757 1488 904 1530 similis,
929 1491 1103 1537 carpitur
1127 1501 1197 1537 per
1220 1501 1367 1524 messes

195 1550 314 1585 inciso
330 1550 456 1593 caule,
472 1550 654 1586 conditur
670 1549 777 1586 fictili
793 1563 907 1591 novo,
924 1550 973 1586 ad
989 1549 1115 1586 multa
1130 1549 1364 1599 praeclarus.

195 1615 309 1646 sanat
347 1614 477 1647 onmia
515 1611 714 1647 oculorum
755 1614 848 1648 vitia
881 1624 970 1648 cum
1010 1611 1111 1647 lacte
1144 1611 1365 1655 mulierum,

196 1684 370 1721 argema,
401 1673 618 1716 nubiculas,
647 1674 848 1709 cicatrices
879 1673 1187 1722 adustionesque
1216 1686 1365 1716 omnes,

195 1736 406 1782 praecipue
433 1735 632 1784 caligines.
687 1736 889 1783 inponitur
916 1737 1037 1770 etiam
1064 1734 1184 1770 oculis
1211 1736 1250 1770 in
1278 1734 1366 1770 lana

195 1801 332 1831 contra
351 1795 571 1845 epiphoras.
626 1795 731 1832 idem
749 1809 864 1832 sucus
882 1796 1011 1833 alvum
1030 1801 1175 1845 purgat
1192 1798 1231 1832 in
1249 1809 1364 1846 posca

277 1881 289 1900 ²
313 1881 468 1913 eonlutos
487 1907 494 1913 .
515 1907 521 1913 .
542 1907 548 1913 .
567 1881 686 1913 dentes
704 1882 816 1913 dolere
834 1882 975 1913 maxime
992 1882 1104 1922 probat
1123 1882 1285 1922 Mayhoff.

442 1971 456 1986 ⁰
479 1967 614 1999 Polenta
634 1978 700 1999 was
717 1967 944 2009 pearl-barley
962 1968 1128 2009 porridge.
