1469 2299
160 649 197 679 14

164 1130 200 1160 15

420 111 615 149 PLINY:
660 110 922 149 NATURAL
955 111 1189 148 HISTORY

222 215 445 264 Scipionem
474 214 597 250 Varro
624 219 762 250 auctor
789 219 850 250 est
877 213 1070 250 donatum
1097 213 1327 250 obsidionali
1355 215 1394 249 in

220 269 354 305 Africa
383 268 548 304 Manilio
575 267 735 304 consule
767 280 812 304 111
846 266 1073 304 cohortibus
1105 269 1270 303 servatis
1304 269 1398 303 toti-

220 322 393 371 demque
423 321 472 357 ad
501 321 714 357 servandas
743 333 809 357 eas
838 320 1004 363 eductis,
1033 320 1139 369 quod
1167 326 1209 356 et.
1236 325 1396 357 statuae

223 378 306 412 eius
330 378 370 411 in
397 375 480 411 foro
500 388 570 411 suo
591 374 702 410 divus
723 374 930 423 Augustus
955 374 1216 423 subscripsit.1
1267 375 1396 422 ipsum

222 430 452 479 Augustum
480 427 537 464 M.
564 427 753 464 Cicerone
779 427 856 463 filio
879 426 1039 463 consule
1063 427 1192 463 idibus
1216 426 1398 476 Septem-

222 483 357 519 bribus
386 487 548 518 senatus
576 480 808 518 obsidionali
837 480 1014 524 donavit,
1042 480 1142 517 adeo
1170 482 1292 517 civica
1319 493 1398 517 non

222 538 317 573 satis
368 535 592 571 videbatur.
647 547 720 571 nec
770 539 981 583 praeterea
1031 547 1274 583 quemquam
1324 533 1398 570 hac

223 591 444 626 invenimus
466 588 672 625 donatum.

274 642 364 678 VII.
395 641 536 678 Nullae
581 654 675 691 ergo
717 639 866 677 herbae
909 640 1021 676 fuere
1063 645 1198 676 certae
1242 642 1282 676 in
1325 638 1398 676 hoc

223 695 385 739 honore,
419 695 489 732 sed
525 706 802 744 quaecumque
836 693 997 730 fuerant
1029 695 1070 730 in
1104 693 1270 743 periculi
1304 693 1400 730 sede

224 751 402 799 quamvis
418 748 610 798 ignobiles
626 751 870 798 ignotaeque
886 746 1077 784 honorem
1093 747 1265 783 nobilem
1282 745 1400 783 facie-

223 804 335 846 bant,
371 802 477 852 quod
513 802 638 838 latere
674 800 781 851 apud
816 814 885 837 nos
921 803 1049 837 minus
1085 800 1246 850 quidem
1283 802 1402 837 miror

223 869 388 893 cernens
426 855 585 905 neglegi
625 868 672 891 ea
710 867 869 904 quoque
908 867 1012 904 quae
1051 854 1100 890 ad
1139 853 1401 890 valitudinem

224 909 534 947 conservandam
557 910 834 957 cruciatusque
857 909 1028 956 corporis
1051 907 1337 956 propulsandos
1361 912 1403 943 et

225 969 397 1000 mortem
429 962 642 999 arcendam
673 964 890 1011 pertinent.
945 961 1016 998 sed
1047 963 1133 1010 quis
1165 974 1242 998 non
1274 973 1403 997 mores

225 1019 309 1053 iure
359 1016 557 1066 castiget?
613 1014 803 1051 addidere
852 1014 1006 1050 vivendi
1059 1016 1188 1063 pretia
1236 1014 1403 1050 deliciae

226 1070 435 1119 luxusque.
490 1082 711 1117 numquam
745 1068 822 1104 fuit
856 1070 962 1104 vitae
996 1067 1140 1116 cupido
1175 1069 1298 1104 maior
1331 1080 1405 1104 nec

226 1126 354 1160 minor
379 1136 484 1159 cura.
541 1122 705 1158 aliorum
732 1121 832 1157 hanc
857 1134 1002 1170 operae
1029 1134 1114 1157 esse
1139 1120 1335 1157 credimus
1360 1134 1405 1157 ac

225 1177 275 1214 de
291 1178 305 1200 2
320 1176 511 1213 mandato
527 1175 687 1225 quidem
705 1181 839 1211 nostro
853 1175 947 1211 alios
961 1174 999 1210 id
1014 1187 1147 1225 agere,
1161 1174 1404 1223 medicisque

226 1233 424 1280 provisum
450 1242 535 1266 esse
555 1242 626 1279 pro
647 1229 791 1265 nobis.·‘³
846 1231 917 1277 ipsi
944 1228 1110 1264 fruimur
1133 1228 1404 1277 voluptatibus

228 1290 283 1327 et,
303 1298 381 1333 quo
398 1283 493 1319 nihil
513 1282 700 1332 equidem
718 1282 942 1331 probrosius
960 1281 1075 1325 duco,
1094 1284 1258 1318 vivimus
1276 1281 1406 1318 aliena

228 1337 382 1374 fiducia.
438 1339 559 1373 immo
597 1349 690 1372 vero
728 1335 927 1385 plerisque
967 1335 1070 1371 ultro
1110 1337 1233 1372 etiam
1271 1337 1406 1371 inrisui

226 1404 360 1428 sumus
385 1393 461 1427 ista
485 1394 802 1426 commentantes
828 1394 950 1438 atque
975 1388 1100 1425 frivoli
1124 1391 1253 1438 operis
1278 1390 1407 1438 argui-

227 1458 328 1488 mur,
372 1457 517 1494 magno
562 1456 806 1493 quamquam
851 1444 1032 1479 immensi
1076 1442 1220 1478 laboris
1263 1441 1406 1478 solatio

228 1500 358 1548 sperni
386 1511 475 1533 cum
501 1510 635 1533 rerum
660 1502 819 1539 natura,
846 1509 966 1545 quam
992 1501 1102 1532 certe
1128 1508 1207 1532 non
1232 1494 1406 1532 defuisse

276 1577 288 1596 ¹
313 1576 510 1617 subscripsit
560 1574 762 1607 Gronovius:
823 1575 992 1615 inscripsit
1041 1573 1214 1614 Maykoff:
1275 1574 1409 1615 scripsit

227 1620 366 1661 plurimi
382 1619 470 1651 codd.

277 1663 289 1681 ²
314 1662 355 1692 de
366 1672 440 1691 cum
452 1659 564 1691 multis
575 1660 664 1692 codd.
678 1660 786 1691 Ianus
796 1664 824 1690 et
836 1659 1020 1699 Dades-sen:
1045 1659 1130 1690 neR
1146 1657 1406 1700 vul9.Mayhoff.

269 1704 411 1779 {anbiS
426 1704 621 1740 Gronovius,
635 1703 753 1739 Hard.,
765 1702 929 1743 Dellefsen
945 1715 951 1733 ε
982 1702 1109 1733 morbis
1123 1702 1280 1743 Mayhoff
1289 1714 1296 1733 :
1312 1702 1409 1733 bonis

232 1758 267 1780 co
315 1771 323 1779 .

273 1837 288 1852 ⁰
310 1833 392 1863 This
415 1831 526 1862 would
552 1831 594 1862 be
617 1831 740 1871 during
764 1831 822 1862 the
847 1830 939 1861 third
965 1830 1071 1861 Punic
1094 1840 1175 1865 war.
1203 1831 1263 1861 149
1288 1839 1355 1861 B.c.

276 1877 288 1896 ²⁷
313 1877 368 1913 Or,
394 1876 413 1888 ‘⁶
431 1876 569 1915 Luxury
593 1875 660 1905 and
688 1879 938 1914 extravagance
965 1873 1052 1904 have
1075 1873 1186 1904 added
1213 1877 1251 1904 to
1271 1873 1330 1904 the
1353 1884 1408 1904 en-

229 1920 449 1951 hancements
465 1918 502 1949 of
516 1918 605 1948 life.'’

277 1967 287 1982 ⁶
312 1961 406 1992 With
436 1959 619 2002 Mayhoff's
649 1962 747 1990 text:
787 1958 907 1991 “even
937 1959 1084 1990 without
1114 1969 1176 1989 our
1204 1959 1408 2001 instructing

229 2004 361 2036 them.'‘

229 2061 301 2098 304
