1469 2299
129 378 169 408 313

127 725 167 755 37

128 1143 169 1173 38

129 1840 170 1870 39

400 133 595 170 PLINY:
640 132 901 170 NATURAL
935 131 1170 169 HISTORY

197 239 417 282 temptant,
449 233 643 271 stomachi
676 240 718 271 et
747 237 1031 271 intestinorum
1061 233 1370 270 rheumatismos

197 303 398 340 cohibent.
457 303 644 340 Caecuba
666 307 745 340 iarn
766 317 845 340 non
867 306 1100 353 gignuntur.

253 373 362 408 XXI.
394 373 447 409 Et
480 386 584 422 quae
617 379 832 422 supersunt
866 372 1003 410 Setina
1037 375 1227 422 concoqui
1263 373 1369 409 cibos

197 448 358 492 cogunt.
400 445 540 479 virium
554 443 642 492 plus
663 442 913 486 Surrentino,
929 445 1177 479 austeritatis
1199 441 1370 484 Albano,

198 511 479 548 vehementiae
497 515 627 548 minus
648 512 815 548 Falerno
833 511 998 548 habent.
1056 512 1106 547 ab
1124 511 1183 547 his
1202 510 1371 547 Statana

198 594 275 617 non
301 581 418 631 longo
444 581 653 618 intervallo
679 581 866 618 afuerint.
923 581 1010 617 alvo
1034 583 1139 617 citae
1164 580 1370 630 Signinum

197 653 371 686 maxime
391 651 616 687 conducere
637 651 911 687 indubitatum
933 656 1005 687 est.

251 720 384 756 XXII.
417 720 586 769 Reliqua
646 723 686 756 in
747 733 958 757 commune
1018 720 1215 756 dicentur.
1273 719 1372 756 Vino

198 789 359 826 aluntur
373 793 489 833 vires,
504 793 665 840 sanguis
680 790 866 839 colosque
884 789 1101 826 hominum.
1159 789 1232 826 hoc
1247 789 1371 826 distat

197 860 301 895 orbis
325 859 479 896 medius
503 866 544 896 et
573 863 707 896 mitior
729 859 848 909 plaga
871 873 892 895 a
915 862 1191 896 circumiectis.
1249 872 1370 908 quan-

197 935 284 965 tum
303 929 376 965 illis
396 929 534 966 feritas
553 928 649 965 facit
669 930 833 972 roboris,
852 935 1011 966 tantum
1031 930 1143 965 nobis
1162 928 1224 965 hic
1243 942 1371 965 sucus.

199 998 310 1035 lactis
338 1004 456 1048 potus
485 1012 572 1036 ossa
601 999 685 1042 alit,
714 998 874 1048 frugum
905 1012 1060 1042 nervos,
1089 1011 1193 1047 aqua
1220 1011 1371 1035 carnes.

197 1068 287 1104 ideo
316 1071 444 1104 minus
473 1070 626 1105 ruboris
657 1075 717 1105 est
746 1071 785 1104 in
813 1069 1042 1117 corporibus
1071 1068 1144 1104 illis
1174 1073 1216 1104 et
1243 1070 1373 1104 minus

197 1139 346 1174 roboris
373 1144 594 1187 contraque
622 1139 777 1175 labores
805 1140 1041 1187 patientiae.
1098 1140 1190 1174 vino
1217 1137 1372 1174 modico

198 1211 306 1243 nervi
342 1210 542 1251 iuvantur,
577 1211 795 1257 copiosiore
831 1207 1060 1251 laeduntur,
1094 1210 1148 1244 sic
1182 1213 1225 1244 et
1257 1207 1370 1244 oculi.

197 1277 426 1313 stomachus
443 1283 648 1314 recreatur
663 1284 704 1314 et
720 1277 958 1326 adpetentia
973 1278 1151 1313 ciborum
1167 1279 1373 1320 invitatur,

198 1349 376 1390 tristitia,
405 1360 500 1383 cura
528 1347 761 1391 hebetatur,
792 1350 905 1383 urina
934 1353 976 1383 et
1005 1347 1116 1396 algor
1145 1346 1373 1396 expellitur,

197 1430 358 1453 somnus
404 1418 651 1453 conciliatur.
708 1423 922 1466 praeterea
967 1419 1206 1453 vomitiones
1253 1419 1374 1460 sistit,

197 1486 452 1523 collectiones
491 1493 607 1523 extra
644 1487 743 1523 lanis
781 1486 926 1523 umidis
964 1489 1160 1536 impositis
1197 1489 1372 1536 mitigat.

197 1556 457 1605 Asclepiades
501 1557 723 1593 utilitatem
766 1559 845 1593 vini
890 1559 1054 1606 aequari
1097 1559 1164 1593 vix
1205 1556 1373 1593 deorum

198 1628 382 1674 potentia
404 1639 521 1676 posse
544 1629 833 1676 pronuntiavit.
890 1632 1005 1663 vetus
1028 1629 1247 1676 copiosiore
1270 1638 1375 1675 aqua

197 1698 410 1739 miscetur3
460 1709 539 1746 quo
574 1699 701 1747 magis
737 1698 893 1733 urinam
929 1696 1110 1745 expellit,
1144 1698 1274 1732 minus
1308 1698 1375 1732 siti
1427 1690 1435 1699 ⁶

198 1768 360 1803 resistit.
416 1766 532 1802 dulce
548 1769 678 1803 minus
692 1767 881 1811 inebriat,
894 1766 966 1803 sed
979 1765 1186 1802 stomacho
1199 1768 1375 1809 innatat,

199 1841 405 1872 austerum
423 1835 576 1872 facilius
594 1839 868 1885 concoquitur.
925 1835 1170 1872 levissimum
1188 1841 1250 1872 est
1267 1835 1375 1884 quod

237 1931 251 1945 ⁰
275 1926 414 1958 Statana
431 1937 509 1958 vzmt
526 1937 611 1958 were
628 1927 800 1969 produced
818 1928 851 1958 in
871 1927 1058 1968 Campania
1076 1937 1119 1958 on
1137 1927 1195 1958 the
1214 1926 1375 1958 Falernas

194 1980 277 2011 aqer.

244 2013 256 2032 ὓ
280 2012 336 2050 Or,
357 2012 542 2045 “nerves.''

195 2059 265 2104 438
