1469 2299
145 345 184 375 39

148 716 188 744 40

146 1022 183 1052 41

417 112 610 150 PLINY:
655 112 918 150 NATURAL
951 112 1184 150 HISTORY

212 215 331 252 infixa
363 218 512 264 corpori
549 214 719 258 extrahi,
753 214 853 251 foliis
887 228 977 251 cum
1011 216 1185 264 axungia
1216 220 1387 251 strumas

211 277 353 314 discuti
375 277 450 321 vel,
469 279 497 313 si
520 278 840 326 suppuraverint‚
861 275 983 320 erodi,
1002 275 1202 325 compleri.

263 339 391 375 XVII.
423 339 481 374 Ex
499 343 737 388 argumento
753 350 897 374 nomen
915 339 1069 386 accepit
1084 339 1235 386 scorpio
1251 336 1385 373 herba.

212 413 348 437 semen
386 402 490 436 enim
526 399 648 436 habet
684 399 733 436 ad
768 399 1067 435 similitudinem
1102 398 1253 435 caudae
1288 412 1387 434 scor-

212 464 351 512 pionis,
366 461 457 497 folia
471 474 608 510 pauca.
658 460 765 497 valet
778 458 842 497 etl
860 460 1047 497 adversus
1061 459 1205 496 animal
1223 462 1389 497 nominis

213 526 284 560 sui.
342 529 401 560 est
435 529 476 559 et
509 522 583 559 alia
617 522 795 559 eiusdem
829 524 995 559 nominis
1028 520 1273 571 effectusque
1305 523 1389 558 sine

214 585 327 628 foliis,
359 587 538 634 asparagi
570 583 696 627 caule,
726 586 764 620 in
794 585 999 620 cacumine
1028 582 1210 620 aculeum
1239 582 1389 620 habens

213 653 254 683 et
276 647 367 683 inde
390 660 546 683 nomen.

266 709 416 745 XVIII.
448 706 770 744 Leucacantham
788 707 851 743 alii
867 705 1043 757 phyllon,
1059 706 1122 742 alii
1137 705 1312 750 ischada‚
1326 706 1388 743 alii

216 770 486 820 polygonaton
529 769 747 819 appellant,
788 768 918 805 radice
961 770 1098 818 cypiri,
1142 781 1244 817 quae
1287 781 1390 805 com-

212 832 454 868 manducata
481 831 662 868 dentium
690 830 844 867 dolores
871 830 1000 874 sedat,
1027 832 1123 866 item
1152 829 1322 866 laterum
1349 835 1390 866 et

214 893 451 937 lumborum,
475 899 518 929 ut
542 893 722 929 Hicesius
745 892 882 935 tradit,
904 894 1055 928 semine
1077 896 1172 941 poto
1194 890 1390 928 drachmis

212 961 302 992 octo
329 961 399 991 aut
426 968 530 991 suco.
588 954 729 991 eadem
757 956 897 1003 ruptis,
924 952 1117 990 convulsis
1144 952 1341 990 medetur.

263 1017 372 1053 XIX.
404 1016 605 1053 Helxinen
631 1016 749 1065 aliqui
776 1015 995 1065 perdicium
1022 1020 1178 1057 vocant,
1203 1016 1389 1064 quoniam

214 1078 392 1128 perdices
440 1091 486 1114 ea
534 1080 745 1127 praecipue
793 1082 1017 1119 vescantur,
1063 1075 1125 1112 alii
1172 1076 1390 1120 sideritem,

213 1140 387 1176 nonnulli
435 1139 701 1189 parthenium.
759 1138 849 1175 folia
895 1137 1019 1174 habet
1063 1140 1214 1174 mixtae
1259 1138 1390 1174 simili·

212 1202 361 1238 tudinis
399 1201 618 1252 plantagini
659 1206 701 1237 et
738 1202 948 1243 marruvio,
986 1199 1196 1236 cauliculos
1234 1199 1390 1243 densos,

215 1263 353 1300 leviter
384 1264 588 1306 rubentes,
618 1265 770 1300 semina
800 1265 838 1298 in
868 1262 1065 1311 capitibus
1095 1261 1293 1311 lappaceis
1323 1261 1390 1298 ad-

213 1325 487 1362 haerescentia
535 1325 724 1368 vestibus,
770 1323 876 1360 unde
923 1329 964 1360 et
1009 1322 1197 1359 helxinen
1242 1322 1390 1360 dictam

215 1387 362 1424 volunt.
419 1387 488 1424 sed
520 1400 588 1423 nos
618 1386 744 1436 qualis
774 1399 866 1422 vera
896 1391 1002 1422 esset
1031 1384 1191 1421 helxine
1219 1384 1390 1421 diximus

172 1463 178 1468 ·
216 1451 345 1499 priore
374 1449 482 1485 libro.
539 1447 636 1484 haec
663 1453 799 1484 autem
827 1447 950 1483 inficit
981 1446 1103 1486 lanas,
1134 1451 1249 1483 sanat
1277 1448 1390 1496 ignes

213 1524 342 1547 sacros
370 1516 412 1547 et
438 1516 614 1547 tumores
641 1509 975 1558 collectionesque
1001 1521 1138 1545 omnes
1166 1513 1208 1545 et
1234 1507 1389 1551 adusta,

216 1586 338 1622 panos
353 1585 361 1616 ;
388 1585 502 1609 sucus
517 1574 599 1608 eius
612 1585 701 1608 cum
715 1569 916 1620 psimithio
930 1576 971 1607 et
982 1575 1148 1620 guttura
1161 1571 1389 1618 incipientia

214 1640 457 1684 turgescere,
487 1636 585 1670 item
616 1639 792 1670 veterem
824 1634 963 1668 tussim
993 1630 1138 1682 cyatho
1172 1630 1314 1667 hausto
1349 1637 1390 1668 et

213 1698 345 1733 onmia
358 1698 397 1732 in
411 1695 578 1739 umido,²
592 1697 694 1732 sicut
707 1693 897 1735 tonsillas,
912 1699 952 1730 et
966 1694 1101 1730 aures³
1114 1706 1204 1729 cum
1216 1705 1387 1729 rosaceo.

264 1783 274 1801 ¹
299 1786 334 1814 et
354 1782 414 1814 del.
437 1781 601 1822 Mayhoff.

264 1825 276 1844 ²
299 1826 333 1856 in
353 1825 470 1856 umido
487 1829 545 1855 aut
565 1828 604 1855 ut
623 1825 656 1854 in
676 1823 793 1854 umido
811 1823 921 1859 codd.;
955 1823 1039 1853 vitia
1058 1821 1175 1853 umida
1196 1821 1358 1862 Mayhoff.

262 1868 275 1887 ³
299 1879 397 1899 aures
418 1867 592 1908 Mayhoff:
625 1868 748 1897 arietes
765 1870 823 1897 aut
842 1866 972 1896 varices
989 1866 1079 1896 codd.

255 1959 267 1974 ‘¹
291 1953 495 1993 Polyqonum
508 1952 724 1984 maritimum.
811 1951 823 1970 ὓ
847 1951 866 1982 I
869 1961 920 1987 .e.,
939 1951 1026 1982 from
1044 1951 1104 1982 the
1122 1949 1232 1982 Greek
1249 1948 1345 1981 ἕλκω.

617 2000 627 2013 ⁶
651 1995 713 2027 See
737 1994 837 2025 XXI.
862 1995 942 2033 §96.

215 2054 285 2091 320
