1469 2299
88 472 146 503 177

91 900 149 930 178

86 1327 146 1359 179

373 97 567 135 PLINY:
614 99 876 136 NATURAL
909 100 1144 137 HISTORY

176 206 217 237 et
240 213 350 237 sacro
374 203 469 249 igni,
492 203 591 237 item
614 204 773 237 strumis
797 214 886 237 cum
911 205 1085 252 axungia
1108 205 1346 240 inveterata.

177 254 290 303 Magi
330 260 469 290 contra
509 258 703 291 tertianas
743 257 902 291 sinistra
942 268 1062 291 manu
1103 256 1217 292 evelli
1259 269 1348 293 eam

175 308 316 344 iubent
348 307 505 356 dicique
538 310 647 344 cuius
679 321 798 344 causa
829 308 999 344 vellatur
1031 321 1104 345 nec
1136 312 1347 358 respicere,

175 361 267 397 dein
297 363 380 397 eius
410 361 548 397 folium
577 363 686 411 aegri
716 361 877 411 linguae
903 362 1084 398 subicere
1114 368 1159 399 ut
1189 376 1280 399 mox
1310 365 1348 399 in

177 414 323 465 cyatho
349 427 478 463 aquae
504 414 730 451 devoretur.

226 467 304 504 CV.
334 467 531 517 Trjchno.
560 481 680 529 quam
709 467 870 517 quidam
899 467 1116 518 strychnon
1144 471 1350 518 scripsere,

175 523 329 557 utinam
367 534 417 557 ne
454 524 643 558 coronarii
682 523 722 556 in
761 522 950 570 Aecrypto
989 527 1214 565 uterentur,
1251 536 1349 572 quos

176 576 319 610 invitat
349 573 524 611 hederae
554 574 736 611 foliorum
765 575 983 611 similitudo
1013 577 1051 611 in
1082 575 1236 613 duobus
1267 578 1350 613 eius

175 629 404 677 generibus,
428 641 597 677 quorum
620 628 791 664 alterum
813 630 874 664 cui
899 631 1000 664 acini
1023 631 1169 665 coccini
1192 632 1348 679 granosi

176 683 216 717 in
247 681 440 724 folliculis,
472 681 728 717 halicacabon
758 687 915 725 vocant,
946 681 1011 718 alii
1041 682 1196 726 callion‚
1226 685 1348 720 nostri

176 740 314 771 autem
332 738 577 778 vesicariam,
596 737 783 784 quoniam
803 737 957 771 vesicae
977 740 1019 772 et
1036 735 1194 772 calculis
1212 739 1348 785 prosit.

176 787 311 824 frutex
344 794 404 824 est
435 788 658 825 surculosus
690 790 818 825 verius
850 802 971 838 quam
1001 787 1139 833 herba,
1170 789 1350 826 folliculis

177 844 331 891 magnis
353 842 524 891 latisque
547 847 589 878 et
609 842 823 878 turbinatis
845 842 985 892 grandi
1007 844 1114 879 intus
1136 845 1262 887 acino,
1283 846 1349 892 qui

176 898 411 931 maturescit
466 895 679 931 Novembri
733 908 883 932 mense.
939 898 1060 932 tertio
1113 895 1206 933 solia
1257 902 1351 933 sunt

175 951 304 991 ocimi,
345 951 507 985 minime
549 949 764 998 diligenter
804 949 1116 986 demonstrando
1158 950 1349 993 remedia,

175 1015 253 1038 non
295 1015 463 1045 venena,
504 1003 786 1044 tractantibus,
827 1005 976 1052 quippe
1017 1005 1211 1040 insaniam
1253 1003 1349 1040 facit

176 1069 297 1104 parvo
322 1068 482 1105 quoque
501 1069 607 1092 suco.
663 1069 908 1105 quamquam
934 1062 976 1093 et
999 1056 1141 1093 Graeci
1166 1062 1349 1094 auctores

173 1111 213 1144 in
243 1111 372 1145 iocum
404 1115 573 1146 vertere.
629 1108 842 1146 drachmae
875 1112 981 1146 enim
1012 1110 1188 1159 pondere
1219 1110 1349 1147 lusum

174 1163 334 1211 pudoris
349 1164 362 1186 1
382 1165 491 1213 gigni
513 1163 703 1200 dixerunt
722 1165 875 1212 species
896 1176 1016 1200 vanas
1031 1164 1046 1187 2
1072 1165 1348 1213 imaginesque

175 1218 406 1265 conspicuas
459 1217 658 1253 obversari
711 1216 1048 1260 demonstrantes,
1102 1217 1349 1266 duplicatum

174 1268 278 1306 hunc
308 1270 471 1306 modum
501 1270 723 1319 legitimam
755 1272 948 1306 insaniam
978 1269 1126 1313 facere,
1156 1271 1349 1320 quidquid

173 1336 265 1360 vero
295 1323 490 1360 adiciatur
518 1323 684 1373 ponderi
713 1326 1007 1372 repraesentari
1037 1330 1222 1360 mortem.
1276 1323 1350 1361 hoc

174 1382 235 1413 est
252 1390 450 1413 venenum
467 1377 573 1426 quod
590 1379 901 1413 innocentissimi
919 1382 1101 1414 auctores
1118 1377 1350 1427 simpliciter

173 1430 390 1480 dorycnion
408 1431 660 1480 appellavere
678 1431 728 1467 ab
746 1443 793 1467 eo
811 1430 917 1480 quod
934 1430 1118 1480 cuspides
1135 1433 1174 1467 in
1192 1431 1349 1480 proeliis

176 1486 459 1533 tinguerentur
507 1484 572 1521 illo
622 1486 768 1533 passim
818 1490 1021 1521 nascente.
1078 1487 1145 1533 qui
1195 1487 1350 1534 parcius

174 1539 477 1574 insectabantur
518 1540 701 1574 manicon
743 1540 1012 1581 nominavere,
1055 1540 1122 1587 qui
1165 1541 1351 1588 nequiter

223 1626 235 1645 1
261 1627 400 1667 pudoris
427 1627 521 1657 mulli
546 1627 656 1664 codd.;
691 1627 786 1658 celeri
811 1638 896 1658 om.:
925 1626 1047 1658 furoris
1072 1627 1158 1658 coni.
1185 1627 1349 1668 Mayhoff.

220 1670 232 1688 ²
259 1680 388 1700 vanas:
426 1671 538 1700 varias
562 1681 593 1700 x.

209 1760 224 1773 ⁰
248 1754 461 1785 Dioscorides
488 1755 548 1785 has
577 1755 650 1791 (IV.
670 1757 725 1794 73)
748 1754 926 1794 φαντασίας
949 1754 1122 1793 ἀπομελεῖν
1146 1754 1206 1786 οὐκ
1229 1753 1347 1796 ἀηδεῖς.

168 1798 331 1837 [Perhaps
379 1798 475 1838 Pliny
521 1798 691 1828 misheard
729 1797 838 1838 ἀηδεῖς
875 1808 912 1828 as
958 1797 1081 1831 αἰδοίας
1122 1808 1159 1829 οι·
1204 1796 1348 1837 ἆεικεῖς.]

167 1841 330 1872 Maxlioff
335 1852 349 1871 s
371 1842 566 1878 conjecture
589 1840 699 1871 would
721 1841 797 1881 give
820 1841 840 1853 ‘⁶
856 1840 988 1881 playful
1011 1839 1197 1881 insanity.’'
1242 1840 1349 1871 Theo-

169 1884 329 1924 phrastus
354 1883 455 1919 (HNP
482 1884 544 1914 IX.
577 1885 626 1919 ll,
653 1885 667 1921 ἓ
694 1885 738 1922 6),
767 1882 850 1914 ὥστε
877 1883 1003 1921 παίζειν
1027 1883 1081 1915 καὶ
1104 1883 1211 1914 δοκεῖν
1244 1882 1349 1924 ἑαυτῷ

170 1926 341 1957 κάλλιστον
358 1926 403 1957 εἶι
407 1939 449 1959 αι,
467 1930 628 1966 supporta
645 1926 704 1956 the
722 1926 872 1966 vulgate.

214 1969 226 1988 ὸ
249 1969 319 2000 The
338 1969 477 2009 reading
495 1969 533 1999 of
550 1981 581 2003 x,
615 1970 656 1999 a
674 1969 808 2009 medley
827 1969 865 2000 of
881 1967 1043 2005 visions‚‘'
1062 1968 1089 1999 is
1107 1968 1304 1999 attractiva.

178 2031 245 2065 286
