1469 2299
116 313 157 343 92

117 686 157 716 93

386 95 580 134 PLINY:
625 95 887 133 NATURAL
920 94 1154 131 HISTORY

183 197 432 248 hippopheos
449 199 462 222 ¹
483 200 604 247 spinis
625 196 910 247 geniculatum.
965 196 1111 233 tribulo
1137 198 1356 245 proprietas

183 253 291 302 quod
315 258 356 288 et
380 251 555 287 fructum
578 253 781 300 spinosum
805 249 940 285 habet.

240 306 321 342 LV.
352 305 412 341 Ex
451 305 634 341 omnibus
672 303 731 340 his
769 303 982 353 generibus
1021 305 1147 338 urtica
1184 305 1356 338 maxime

183 361 360 395 noscitur
393 357 614 394 acetabulis
648 359 688 393 in
721 356 817 393 flore
852 369 1093 405 purpuream
1128 356 1356 405 lanuginem

183 412 460 455 fundentibus,
487 424 608 460 saepe
635 410 751 447 altior
775 410 877 446 binis
903 410 1059 446 cubitis.
1116 409 1246 458 plures
1274 412 1357 445 eius

183 465 457 502 differentiae:
509 465 698 501 silvestris
737 476 857 513 quam
895 469 937 499 et
974 462 1164 499 feminam
1201 468 1357 505 vocant,

185 522 410 568 mitiorque.
467 524 509 555 et
527 521 567 554 in
586 517 755 554 silvestri
775 529 878 566 quae
898 516 1043 552 dicitur
1061 518 1201 552 canina
1221 518 1357 558 acrior,

184 573 296 609 caule
325 584 485 622 quoque
513 571 702 613 mordaci,
730 570 938 606 fimbriatis
966 569 1079 606 foliis.
1134 582 1238 619 quae
1266 582 1358 606 vero

185 629 308 662 etiam
341 626 503 662 odorem
538 624 670 661 fundit
705 623 957 660 Herculanea
991 628 1166 659 vocatur.
1221 635 1357 659 semen

185 680 369 716 omnibus
403 681 620 728 copiosum,
650 680 819 727 nigrum.
876 679 1017 713 mirum
1052 679 1136 712 sine
1166 676 1253 712 ullis
1282 679 1357 725 spi-

186 746 324 769 narum
346 732 490 768 aculeis
509 732 739 781 lanuginem
758 733 884 780 ipsam
904 743 989 765 esse
1009 732 1167 766 noxiam
1187 735 1228 766 et
1246 735 1357 766 tactu

185 792 345 822 tantum
372 786 474 822 levi2
501 788 697 834 pruritum
720 784 960 833 pusulasque
985 783 1194 819 confestim
1216 783 1358 820 adusto

185 840 331 877 similes
349 842 535 876 existere.
591 844 730 875 notum
748 843 810 874 est
826 840 860 873 ei
876 838 890 860 3
908 837 1129 873 remedium
1146 837 1233 873 olei.
1289 837 1358 873 sed

185 893 425 930 mordacitas
457 906 534 929 non
566 894 746 941 protinus
776 904 866 927 cum
898 893 982 939 ipsa
1014 889 1137 926 herba
1167 892 1358 940 gignitur.

186 959 258 983 nec
297 949 369 982 nisi
407 946 554 983 solibus
592 946 790 982 roborata.
845 946 1036 993 incipiens
1075 944 1236 992 quidem
1275 946 1359 992 ipsa

185 1002 290 1036 nasci
311 1013 403 1036 vere
423 1013 501 1036 non
520 999 709 1049 ingrato‚4
731 997 865 1034 multis
882 1000 1003 1034 etiam
1021 997 1203 1047 religioso
1221 1000 1258 1033 in
1272 998 1359 1034 cibo

184 1059 246 1090 est
281 1053 332 1090 ad
367 1053 572 1102 pellendos
608 1055 732 1089 totius
767 1054 858 1087 anni
894 1051 1064 1087 morbos.
1120 1051 1358 1087 silvestrium

184 1119 344 1156 quoque
366 1107 477 1143 radix
500 1119 660 1143 omnem
681 1118 841 1142 carnem
864 1107 1103 1140 teneriorem
1127 1103 1223 1140 facit
1243 1104 1358 1141 simul

183 1166 308 1197 cocta.
365 1173 469 1210 quae
510 1161 672 1196 innoxia
713 1164 788 1201 est,
829 1171 961 1194 morsu
1003 1171 1154 1199 carens³
1196 1157 1358 1194 lamium

185 1220 359 1251 vocatur.
415 1213 466 1250 de
493 1215 698 1263 scorpione
725 1212 903 1249 dicemus
930 1214 1035 1248 inter
1061 1211 1248 1248 medicas.

233 1333 243 1352 ¹
269 1333 480 1374 hippopheos
499 1337 570 1372 post
590 1332 628 1363 M
631 1332 746 1372 ayhoff
761 1338 812 1367 (esc
831 1331 1067 1371 Theophras-to)
1086 1341 1162 1371 eqo:
1200 1331 1251 1369 (in
1270 1336 1332 1362 lex!
1341 1343 1357 1361 11

193 1376 348 1449 ΜΨέ)
362 1375 803 1459 ῖςίκῖῗῖῖῑεῖθὶῑὲῗῗῃῖὶῖῗ
821 1373 1070 1457 ἕῗζιέςῐὲξψ
1087 1374 1193 1411 ΜΜ)

233 1461 245 1480 ³
268 1430 298 1492 effi
313 1442 365 1492 d'l2
378 1439 486 1501 δ’ίῖἳίῃ,
500 1443 663 1501 bellefsmi
679 1473 685 1491 z
714 1464 749 1490 et
766 1442 848 1499 viz-lq.
865 1472 871 1490 z
900 1467 934 1490 et
950 1439 1051 1499 (inier-
1067 1466 1177 1497 ωηολε)
1195 1459 1357 1500 Manlioss.

232 1503 245 1523 ⁴
269 1505 422 1545 ingrato:
452 1515 499 1535 vv.
518 1503 550 1534 ll.
569 1505 697 1544 ignato,
715 1504 844 1543 ignoto,
860 1507 958 1543 grato
974 1515 981 1533 :
1011 1503 1143 1543 ingrata
1161 1507 1189 1533 et
1206 1502 1359 1543 religiosa

189 1546 249 1578 del.
269 1548 301 1577 in
321 1552 396 1578 ante
415 1547 490 1578 cibo
509 1547 593 1577 coni.
617 1546 778 1586 Jlaylzoff.

228 1701 242 1716 ‘²
265 1697 522 1738 Theophrastus
538 1697 612 1736 (VI.
629 1699 660 1733 5,
679 1698 710 1735 l)
726 1695 765 1727 τὰ
782 1695 817 1727 δὲ
834 1695 888 1726 καὶ
904 1694 990 1736 παρὰ
1006 1695 1065 1736 τὴν
1082 1695 1224 1727 ἄκανθαν
1242 1695 1358 1735 ἔχοντα

185 1740 316 1780 φύλλον,
355 1740 422 1771 οἷον
460 1739 500 1771 τὰ
528 1743 660 1771 τοιαῦτα
696 1739 781 1779 φέως
819 1739 934 1772 ὄνωνις
971 1738 1176 1770 παντάδουσα
1210 1737 1358 1778 τρίβολος

184 1783 360 1823 ἱππόφεως.
409 1783 451 1814 So
467 1784 494 1814 it
510 1794 618 1814 seems
631 1783 709 1813 that
722 1781 799 1812 here
812 1782 870 1822 hip
897 1782 1024 1822 opheos
1035 1783 1062 1812 is
1076 1782 1177 1822 right,
1193 1782 1358 1822 although

186 1826 398 1857 Dioscorides
422 1824 480 1856 IV.
512 1826 572 1856 159
600 1826 769 1855 mentions
796 1834 816 1854 a
842 1793 939 1864 pffaint
966 1823 1186 1864 hippophaes,
1215 1834 1251 1854 as
1278 1824 1358 1854 does

186 1869 284 1909 Pliny
309 1869 343 1899 in
369 1867 487 1899 XXII.
513 1870 527 1906 ἓ
554 1869 605 1899 29.
652 1867 759 1898 There
783 1878 850 1898 was
876 1866 1041 1908 probably
1066 1877 1158 1897 some
1183 1867 1357 1897 confusion

184 1912 291 1943 about,
307 1912 366 1942 the
383 1921 509 1947 names,
527 1910 635 1941 which
654 1921 734 1951 may
752 1910 792 1941 be
808 1910 905 1940 those
922 1910 960 1940 of
977 1910 1035 1940 the
1052 1920 1144 1940 same
1162 1909 1257 1950 plant
1275 1912 1357 1948 (sea-

185 1957 332 1996 spurge).
384 1954 482 1994 Pliny
515 1964 621 1984 seems
654 1958 690 1984 to
722 1953 809 1984 have
841 1953 923 1983 used
956 1952 1039 1983 both
1073 1964 1197 1983 names.
1251 1953 1359 1984 Theo-

183 2023 258 2062 228
