1469 2299
154 988 194 1018 60

155 1825 193 1854 «il

429 115 619 151 PLINY:
666 115 925 152 NATURAL
960 114 1191 152 HISTORY

219 216 373 253 dolores
404 217 520 253 sedat
550 230 708 253 rosaceo
738 217 928 253 admixto.
985 229 1165 253 verrucas
1194 231 1283 253 cum
1313 216 1394 253 sale

221 286 323 323 tollit
349 300 463 323 sucus
489 299 509 322 e
536 286 641 327 folio,
667 286 771 322 unde
797 288 917 322 nostri
944 288 1205 322 verrucariam
1230 285 1393 322 herbam

220 356 471 405 appellavere
505 356 589 392 aliis
621 358 888 406 cognominari
923 355 1128 392 effectibus
1161 355 1393 404 digniorem.

222 438 393 474 namque
428 432 468 462 et
502 426 754 474 serpentibus
789 430 829 461 et
862 426 1130 474 scorpionibus
1165 427 1312 461 resistit
1346 438 1393 461 ex

223 498 309 531 vino
328 501 396 531 aut
416 509 519 544 aqua
538 495 677 535 mulsa,
697 501 739 531 ut
761 494 1055 544 Apollophanes
1075 500 1116 531 et.
1134 494 1395 544 Apollodorus

222 565 397 601 tradunt.
454 564 545 601 folia
577 564 788 601 infantium
820 564 1166 607 destillationibus,
1198 578 1317 613 quam
1349 567 1392 600 si-

223 637 351 671 riasim
374 640 529 677 vocant,
551 634 660 670 inlita
684 633 909 677 medentur,
931 636 1026 670 item
1048 634 1396 678 contractionibus,

222 707 342 740 ctiam
381 706 409 740 si
449 704 486 740 id
525 704 778 740 comitialiter
815 703 979 740 accidat.
1036 703 1201 739 decocto
1238 717 1396 753 quoque

223 773 343 810 foveri
366 788 408 810 os
431 773 733 810 saluberrimum
758 779 829 810 est.
887 779 1024 822 potum
1048 773 1086 809 id
1110 772 1221 822 pellit
1244 775 1396 810 taenias

221 849 261 880 et
290 846 443 879 renium
472 843 651 880 harenas.
707 845 737 880 si
765 845 967 880 cuminum
996 843 1202 886 adiciatur,
1229 842 1396 880 calculos

222 913 380 963 frangit.
437 913 603 962 decoqui
646 926 735 949 cum
778 912 908 949 radice
950 918 1122 962 oportet,
1164 925 1267 962 quae
1308 926 1396 949 cum

222 982 321 1019 foliis
361 989 400 1019 et
440 982 588 1019 hircino
626 983 722 1019 sebo
762 982 945 1032 podagris
984 982 1172 1018 inlinitur.
1228 981 1397 1019 alterum

220 1065 346 1101 genus
375 1053 480 1102 quod
510 1055 722 1089 tricoccum
751 1052 1037 1102 appellavimus
1066 1057 1107 1088 et
1135 1051 1211 1088 alio
1239 1054 1397 1088 nomine

220 1125 447 1171 scorpiuron
478 1128 655 1165 vocatur,
687 1121 786 1158 foliis
818 1135 894 1158 non
926 1121 1051 1158 solum
1082 1121 1298 1158 minoribus
1328 1122 1397 1158 sed

221 1195 342 1229 etiam
372 1194 410 1228 in
442 1198 589 1229 terram
621 1193 890 1242 vergentibus.
946 1204 1083 1228 semen
1113 1194 1147 1228 ei
1179 1196 1240 1228 est
1268 1192 1397 1242 effigie

220 1264 432 1311 scorpionis
477 1261 644 1305 caudae,
690 1274 813 1312 quare
859 1274 1015 1298 nomen.
1071 1263 1127 1298 vis
1172 1260 1221 1297 ad
1267 1263 1398 1298 omnia

222 1338 419 1368 venenata
450 1337 491 1368 et
522 1331 735 1381 phalangia
764 1331 835 1368 sed
865 1337 1003 1368 contra
1032 1333 1256 1380 scorpiones
1286 1344 1397 1381 prae-

220 1404 334 1451 cipue
364 1402 488 1438 inlita.
545 1415 621 1438 non
652 1401 850 1438 feriuntur
879 1400 1088 1445 habentes,
1119 1406 1160 1437 et
1189 1403 1218 1437 si
1250 1406 1397 1437 terram

219 1471 374 1508 surculo
424 1471 647 1521 heliotropii
699 1471 993 1507 circumscribat
1044 1470 1197 1520 aliquis,
1249 1476 1399 1521 negant

220 1543 465 1590 scorpionem
509 1541 659 1591 egredi,
702 1543 870 1590 inposita
914 1554 1005 1577 vero
1046 1539 1170 1576 herba
1210 1545 1280 1576 aut
1320 1540 1399 1577 uda

220 1614 379 1648 omnino
422 1624 645 1660 respersum
689 1613 868 1660 protinus
910 1612 1019 1647 mori.
1075 1611 1234 1646 seminis
1275 1623 1399 1660 grana

221 1687 411 1730 quattuor
435 1687 529 1730 pota
551 1683 756 1730 quartanis
779 1680 966 1730 prodesse
989 1680 1187 1723 dicuntur,
1209 1682 1285 1715 tria
1306 1693 1398 1717 vero

223 1753 416 1794 tertianis,
444 1751 503 1786 vel
529 1753 559 1787 si
585 1749 709 1786 herba
735 1752 817 1800 ipsa
844 1756 905 1786 ter
929 1749 1159 1786 circumlata
1183 1750 1399 1786 subiciatur

223 1823 354 1869 capiti.
412 1834 548 1856 semen
567 1825 608 1856 et
624 1833 810 1856 venerem
828 1819 1020 1863 stimulat,
1037 1833 1126 1856 cum
1142 1819 1260 1855 melle
1276 1833 1398 1869 panos

221 1890 396 1927 discutit.
453 1903 634 1927 verrucas
656 1888 728 1926 hoc
751 1892 889 1939 utique
911 1888 1191 1939 heliotropium
1210 1889 1398 1926 radicitus

622 1989 636 2004 ⁰
661 1987 682 2000 “
696 1987 860 2029 Dog-star
880 1986 1009 2019 fever.’'

224 2059 292 2094 334
