1469 2299
90 547 148 577 105

90 866 148 898 106

92 1315 148 1346 107

92 1636 151 1666 108

382 120 572 156 PLINY:
620 119 880 156 NA'I‘URAL
915 118 1147 155 HISTORY

175 222 372 259 doloribus
407 224 545 257 miscet
579 222 647 257 etl
687 220 864 256 farinam.
921 223 959 256 in
995 223 1082 256 vino
1116 224 1214 258 cocti
1251 221 1347 259 inliti

176 289 302 322 ventri
349 286 534 322 duritiam
583 285 897 333 praecordiorum
947 284 1164 320 emolliunt.
1219 285 1347 335 dysin-

175 352 306 386 tericis
330 352 368 385 in
391 352 479 385 vino
503 362 551 385 ex
573 362 675 398 aqua
695 348 855 384 caelesti
879 354 1104 397 temperato
1124 349 1282 394 dantur,
1301 350 1349 386 ad

178 414 361 450 convulsa
381 415 486 449 intus
506 426 595 449 curn
616 411 756 462 silphio
776 412 904 462 pilulis
925 411 1041 449 fabae
1061 413 1349 462 magnitudine.

177 478 226 514 ad
258 477 442 514 sudorem
472 479 550 513 tusi
583 476 812 513 inlinuntur.
868 479 995 513 nervis
1026 476 1158 521 utiles,
1189 477 1279 514 ideo
1310 483 1349 515 et

175 541 401 591 paralyticis
429 541 586 577 dantur.
642 540 780 577 luxata
807 542 846 576 in
872 540 1040 589 pedibus
1067 543 1133 590 qui
1160 547 1252 578 sunt
1279 542 1349 578 rufi

177 619 225 641 ex
250 608 294 642 iis
319 607 506 642 citissime
529 610 671 641 sanant
696 618 785 640 cum
808 604 927 640 melle
952 610 993 641 et
1017 604 1110 641 sale.
1166 618 1349 642 venerem

175 672 349 705 maxime
380 668 573 719 Megarici
604 668 825 712 stimulant,
855 667 1043 705 hortensii
1074 674 1232 718 partum
1262 683 1348 706 curn

178 747 274 782 sapa
319 739 389 769 aut
434 746 550 782 passo
600 735 762 781 sumpti,
809 732 1007 769 silvestres
1059 735 1349 770 interaneorum

175 797 312 847 plagas
341 803 382 833 et
409 799 505 833 vitia
531 810 620 833 cum
648 796 789 846 silphio
815 796 944 846 pilulis
972 797 1169 834 devoratis
1197 797 1350 835 sedant.

176 861 315 897 horum
359 874 495 897 semen
539 867 676 897 contra
718 860 930 910 phalangia
974 861 1123 897 bibitur
1169 864 1207 897 in
1250 864 1350 898 vino.

178 928 251 975 ipsi
289 938 337 961 ex
376 931 490 961 aceto
527 925 745 961 inlinuntur
782 931 918 961 contra
956 928 1200 974 serpentium
1240 928 1349 965 ictus,

177 1002 314 1026 semen
337 991 490 1038 antiqui
513 989 731 1025 bibendum
756 990 1042 1025 insanientibus
1065 989 1228 1026 dabant.
1284 990 1352 1026 flos

177 1053 387 1090 bulborum
415 1056 532 1090 tritus
561 1066 718 1090 crurum
746 1053 919 1090 maculas
949 1056 1244 1103 varietatesque
1274 1057 1350 1104 igni

178 1117 303 1154 factas
347 1117 547 1154 emendat.
604 1117 762 1154 Diocles
804 1116 986 1154 hebetari
1029 1117 1160 1154 oculos
1202 1119 1252 1155 ab
1294 1118 1352 1155 his

176 1187 305 1231 putat.
362 1181 483 1218 elixos
531 1184 625 1218 assis
671 1183 800 1218 minus
846 1181 964 1218 utiles
1012 1194 1098 1219 esse
1144 1181 1263 1220 adicit
1312 1189 1351 1219 et

178 1246 333 1283 difficile
364 1248 553 1295 concoqui
586 1259 635 1282 ex
667 1248 703 1282 vi
735 1248 1041 1295 uniuscuiusque
1073 1252 1251 1283 naturae.

227 1310 334 1346 XLI.
364 1309 573 1347 Bulbinem
607 1310 748 1347 Graeci
783 1316 926 1347 vocant
960 1309 1124 1347 herbam
1159 1314 1353 1360 porraceis

179 1374 292 1418 foliis,
333 1374 551 1411 rubicundo
590 1374 723 1411 bulbo.
778 1373 877 1411 haec
916 1374 1088 1412 traditur
1127 1374 1352 1413 vulneribus

179 1440 276 1474 mire
324 1438 429 1475 utilis
477 1438 689 1475 dumtaxat
737 1439 975 1475 recentibus.
1031 1438 1187 1483 bulbus,
1235 1452 1351 1489 quem

178 1504 427 1539 vomitorium
468 1508 607 1539 vocant
647 1503 697 1539 ab
737 1502 894 1545 effectu,
935 1502 1026 1540 folia
1067 1502 1190 1540 habet
1229 1506 1352 1554 nigra.

176 1569 318 1603 ceteris
344 1566 531 1616 longiora.

230 1630 359 1667 XLII.
392 1631 501 1667 Inter
534 1630 760 1668 utilissimos
794 1630 998 1668 stomacho
1031 1632 1137 1668 cibos
1172 1636 1351 1682 asparagi

177 1695 401 1731 traduntur.
456 1697 613 1731 cumino
648 1695 809 1744 quidem
844 1695 981 1732 addito
1018 1695 1240 1733 inflationes
1275 1702 1350 1733 sto-

179 1757 307 1795 machi
350 1759 503 1808 colique
545 1759 777 1803 discutiunt,
820 1759 926 1796 idem
968 1759 1088 1796 oculis
1130 1759 1352 1797 claritatem

179 1821 378 1867 adferunt,
427 1829 607 1859 ventrem
656 1822 800 1861 leniter
848 1823 1043 1867 molliunt,
1092 1826 1263 1873 pectoris
1312 1830 1353 1861 et

430 1941 443 1960 ²
466 1942 585 1973 miscet
604 1945 639 1973 et
658 1941 816 1983 Mayhoff
826 1953 834 1973 ε
867 1942 1012 1974 miscent
1029 1942 1119 1974 codd.

177 2033 222 2069 62
