1469 2299
93 272 152 301 217

92 718 152 747 219

92 1166 153 1197 219

92 1614 153 1644 220

385 101 579 137 PLINY:
624 99 885 137 NATURAL
919 98 1153 136 HISTORY

181 203 359 239 devorari
391 203 530 239 iubent
563 201 682 250 aliqui
715 207 809 238 ante
841 203 1120 243 accessionem,
1151 200 1213 236 vel
1243 200 1353 250 plura

181 267 287 302 inlini
306 267 437 303 fronti.
493 272 583 302 sunt
601 268 666 314 qui
684 271 725 302 et
741 271 835 301 ante
851 265 940 301 solis
957 270 1086 301 ortum
1103 264 1355 300 cervicalibus

182 332 301 367 <ubici
322 331 533 367 efficaciter
549 335 706 379 putent.
761 332 817 366 vis
835 342 979 379 magna
999 328 1048 364 ad
1067 327 1355 378 refrigerandos

181 395 338 431 ardores
372 394 496 430 viridi.
551 394 682 430 ulcera
717 406 875 443 quoque
908 405 1012 442 quae
1044 398 1209 441 serpunt
1242 398 1353 428 sanat

180 472 269 494 cum
307 458 425 494 melle
464 458 524 494 ve]
564 471 639 494 uva
678 471 806 506 passa,
845 459 943 493 item
981 462 1121 498 testes,
1160 456 1356 498 ambusta,

180 522 451 565 carbunculos,
492 535 620 564 aures,
661 535 750 558 cum
791 521 894 557 lacte
933 520 1107 557 mulieris
1149 519 1356 569 epiphoras

181 586 395 627 oculorum,
425 588 573 622 ventris
605 592 644 621 et
676 587 954 621 intestinorum
985 583 1191 620 fluctiones
1220 596 1355 620 semen

181 663 229 685 ex
263 663 366 699 aqua
399 656 550 699 potum.
606 650 755 685 bibitur
788 655 828 685 et
863 651 901 684 in
934 647 1099 684 choleris
1132 661 1220 684 curn
1254 654 1355 684 ruta.

182 713 291 761 pellit
320 713 505 749 animalia
533 716 843 756 interaneorum,
871 726 960 749 cum
987 711 1078 748 mali
1108 714 1238 761 punici
1266 725 1358 748 suco

182 784 222 814 et
239 777 326 814 oleo
342 791 479 814 semen
495 784 646 827 potum.
702 777 948 813 Xenocrates
964 776 1088 813 tradit
1105 789 1186 812 rem
1204 778 1358 817 miram,

182 844 211 877 si
246 855 338 878 vera
373 848 448 885 est,
481 848 686 878 menstrua
719 843 911 877 contineri
947 854 1025 877 uno
1059 840 1138 883 die,
1171 842 1201 876 si
1235 853 1355 876 unum

180 919 346 954 granum
373 906 545 942 biberint
572 905 760 948 feminae,
785 905 920 948 biduo,
946 907 977 941 si
1003 904 1095 947 duo,
1122 909 1163 940 et
1188 903 1355 940 totidem

181 970 320 1005 diebus
346 976 443 1019 quot
468 983 591 1019 grana
616 971 867 1018 sumpserint.
918 967 976 1004 M.
1006 968 1129 1004 Varro
1156 967 1358 1004 coriandro

181 1034 351 1070 subtrito
392 1040 433 1070 et
473 1036 630 1070 cumino
669 1039 865 1082 acetoque
904 1045 1065 1069 carnem
1104 1045 1264 1068 omnem
1302 1033 1354 1068 in-

180 1104 406 1147 corruptam
432 1104 588 1134 aestate
613 1100 759 1134 servari
784 1102 913 1146 putat.

233 1161 461 1198 LXXXIII.
491 1161 675 1211 Atriplex
717 1167 759 1198 et
797 1161 977 1197 silvestre
1017 1166 1092 1203 est,
1131 1166 1356 1197 accusatum

181 1224 434 1275 Pythagorae
457 1232 664 1275 tamquam
689 1225 840 1262 faceret
864 1224 1098 1274 hydropicos
1122 1225 1359 1273 morbosque

180 1292 308 1339 regios
337 1296 377 1327 et
402 1290 608 1340 pallorem,
635 1295 948 1339 concoqueretur
974 1288 1212 1331 difficillime,
1239 1301 1283 1324 ac
1309 1301 1359 1324 ne

181 1356 220 1389 in
247 1353 370 1390 hortis
401 1354 562 1403 quidem
592 1356 703 1390 iuxta
733 1353 773 1390 id
801 1355 907 1390 nasci
937 1355 1149 1402 quicquam
1177 1355 1247 1388 nisi
1278 1352 1359 1388 lan-

180 1418 345 1464 guidum
387 1418 573 1467 culpavit.
629 1417 819 1454 addidere
862 1417 1075 1467 Dionysius
1118 1422 1159 1453 et
1201 1416 1358 1453 Diocles

181 1481 368 1530 plurimos
393 1485 502 1532 gigni
527 1495 576 1518 ex
602 1495 648 1518 eo
671 1483 842 1524 morbos,
867 1494 939 1518 nec
962 1483 1036 1518 nisi
1059 1486 1217 1517 mutata
1239 1493 1359 1530 saepe

182 1559 284 1594 aqua
321 1546 586 1596 coquendum,
623 1544 828 1582 stomacho
864 1547 1104 1582 contrarium
1143 1557 1242 1588 esse,
1278 1544 1359 1581 len-

180 1612 324 1654 tigines
345 1616 385 1646 et
403 1610 568 1660 papulas
587 1612 764 1660 gignere.
819 1612 938 1646 miror
955 1622 1078 1659 quare
1095 1608 1304 1646 difficulter
1320 1611 1358 1645 in

184 1673 298 1710 Italia
325 1677 431 1711 nasci
456 1674 667 1711 tradiderit
693 1674 733 1711 id
758 1673 877 1710 Solon
902 1673 1154 1724 Smyrnaeus.
1210 1673 1359 1722 Hippo-

180 1744 309 1775 crates
334 1738 538 1775 vulvarum
562 1741 666 1775 vitiis
691 1737 865 1775 infundit
889 1738 929 1775 id
953 1751 1043 1774 cum
1066 1737 1174 1774 beta.
1229 1736 1358 1787 Lycus

181 1801 469 1851 Neapolitanus
508 1808 645 1839 contra
684 1801 938 1839 cantharidas
975 1801 1195 1838 bibendum
1233 1801 1359 1844 dedit,

227 1943 241 1957 ⁰
266 1940 305 1970 lit
327 1939 467 1970 sativum
491 1939 598 1970 found
621 1940 654 1970 in
679 1938 805 1970 several
828 1939 922 1971 MSS.
945 1949 1090 1980 appears
1111 1941 1149 1970 to
1172 1937 1214 1969 be
1236 1937 1352 1969 under-

180 1981 292 2018 stood,
311 1993 348 2012 or
366 1983 482 2013 rather
498 1982 650 2023 implied,
669 1982 714 2023 by
733 1986 771 2013 et.

187 2026 253 2061 126
