1469 2299
109 204 150 234 70

113 1422 152 1453 73

381 95 575 132 PLINY:
621 94 882 132 NATURAL
915 94 1148 132 HISTORY

227 197 335 234 XLI.
366 197 515 233 Verum
571 195 695 233 hortis
750 199 1124 245 coronamentisque
1179 199 1352 232 maxime

177 261 324 298 alvaria
354 266 396 297 et
425 274 520 310 apes
550 263 807 304 conveniunt,
837 272 899 296 res
930 262 1130 309 praecipui
1163 266 1352 309 quaestus

177 325 470 375 conpendiique
490 338 580 361 cum
601 324 723 361 favet.
778 323 919 360 harum
940 337 1035 374 ergo
1055 337 1173 360 causa
1193 329 1353 373 oportet

177 402 309 426 serere
348 388 548 440 thymum,
587 391 822 438 apiastrum,
860 401 1003 432 rosam,
1043 388 1178 431 violas,
1216 388 1354 432 lilium,

177 456 363 504 cytisum,
377 452 526 496 fabam,
541 453 732 495 erviliam,
746 452 932 496 cunilam,
947 465 1135 501 papaver,
1149 465 1354 502 conyzam,

177 521 337 560 casiam,
371 517 608 560 melilotum,
643 516 997 566 melissophyllum,
1031 516 1252 552 cerinthen.
1307 528 1355 552 ea

178 588 239 618 est
272 588 408 618 autem
443 580 534 617 solio
566 581 750 622 candido,
784 583 958 623 incurvo,
991 580 1189 623 cubitalis,
1221 583 1354 629 capite

177 659 348 682 concavo
371 646 496 681 mellis
518 658 655 681 sucum
679 644 868 681 habente.
923 644 1063 680 horum
1087 643 1190 680 floris
1213 645 1353 681 avidis-

178 713 301 746 simae
321 715 428 752 sunt,
449 716 571 759 atque
593 711 715 746 etiam
736 711 897 758 sinapis,
917 708 1023 758 quod
1043 711 1246 752 miremur,
1265 722 1354 745 cum

179 774 305 810 olivae
330 774 466 810 florem
492 774 541 809 ab
566 773 624 809 his
649 787 726 809 non
751 775 896 823 attingi
921 779 1102 815 constet;
1140 772 1230 809 ideo
1252 771 1354 809 hanc

181 839 362 875 arborem
394 837 527 887 procul
558 850 644 874 esse
673 837 815 873 melius
843 840 908 880 sit,
937 850 1026 873 cum
1056 837 1207 886 aliquas
1236 850 1355 886 quarn

182 905 360 952 proxime
384 905 458 938 seri
481 904 692 938 conveniat
716 914 819 951 quae
843 907 884 937 et
907 901 1149 938 evolantium
1173 904 1356 938 examina

180 969 351 1003 invitent
375 980 448 1003 nec
475 966 628 1015 longius
654 967 762 1002 abire
788 968 1006 1015 patiantur.

228 1031 359 1067 XLII.
390 1030 563 1067 Cornum
588 1043 748 1080 quoque
773 1031 954 1066 arborem
979 1032 1108 1066 caveri
1133 1031 1355 1079 oporteat.1

179 1094 274 1131 flore
296 1098 378 1131 eius
398 1095 616 1145 degustato
637 1094 723 1131 alvo
744 1097 823 1130 cita
842 1097 1078 1131 moriuntur.
1134 1094 1356 1131 remedium

179 1160 295 1196 sorba
335 1164 502 1196 contusa
543 1172 564 1195 e
604 1159 723 1195 melle
764 1159 958 1208 praebere
999 1158 1057 1195 his
1098 1158 1160 1195 vel
1201 1161 1356 1195 urinam

180 1223 347 1260 hominis
381 1223 442 1259 vel
476 1224 597 1260 boum
632 1228 702 1259 aut
734 1236 859 1273 grana
892 1225 1024 1272 punici
1058 1223 1151 1259 mali
1185 1223 1355 1260 Amineo

180 1291 269 1324 vino
320 1300 545 1337 conspersa.
601 1293 643 1324 at
693 1289 872 1338 genistas
923 1289 1149 1323 circumseri
1201 1287 1356 1324 alvariis

179 1354 463 1403 gratissimum.

229 1416 382 1452 XLIII.
415 1416 565 1452 Mirum
617 1421 679 1452 est
729 1416 978 1466 dignumque
1029 1421 1255 1452 memoratu
1306 1416 1356 1453 de

179 1481 378 1517 alimentis
426 1480 533 1530 quod
579 1483 752 1529 conperi.
809 1480 981 1517 Hostilia
1027 1482 1134 1516 vicus
1181 1480 1358 1517 adluitur

180 1543 302 1581 Pado.
357 1543 472 1581 huius
510 1544 689 1594 inquilini
728 1544 876 1594 pabulo
911 1547 1014 1580 circa
1050 1544 1264 1581 deficiente
1300 1547 1357 1581 in-

179 1614 334 1658 ponunt
385 1609 551 1645 navibus
602 1608 708 1645 alvos
760 1609 1025 1658 noctibusque
1076 1611 1198 1658 quina
1248 1609 1356 1645 milia

179 1687 365 1723 passuum
393 1676 590 1709 contrario
617 1686 734 1709 amne
760 1672 1001 1709 subvehunt.
1057 1686 1242 1723 egressae
1269 1673 1356 1709 luce

180 1750 275 1787 apes
300 1742 523 1786 pastaeque
549 1737 600 1773 ad
624 1750 745 1773 naves
771 1737 918 1773 cotidie
943 1742 1126 1773 remeant
1151 1743 1356 1774 mutantes

180 1801 325 1843 locum,
354 1801 481 1837 donec
512 1801 689 1849 pondere
721 1803 806 1850 ipso
837 1803 980 1850 pressis
1012 1801 1178 1838 navibus
1210 1801 1354 1851 plenae

228 1906 241 1926 ¹
265 1910 424 1948 oporteat
450 1917 524 1938 cum
555 1907 626 1948 sere
648 1906 801 1938 omnibus
834 1907 924 1939 codd.
949 1907 1107 1948 Mayhoff
1120 1919 1127 1938 ε
1163 1911 1300 1948 oportet
1334 1907 1356 1938 d

183 1950 282 1991 vulq„
303 1949 477 1991 Detlessen.

182 2031 250 2055 212
