1469 2299
81 711 120 741 83

84 1547 123 1576 84

351 117 543 154 PLINY:
590 117 850 154 NATURAL
884 116 1117 154 HISTORY

145 232 295 255 carnes.
351 218 590 269 quibusdam
622 224 664 255 et
695 219 916 255 aestatibus
947 218 1069 255 iidem
1099 219 1175 255 cibi
1207 232 1318 269 prae-

146 288 292 331 standi,
335 302 424 325 cum
469 290 623 324 siccitas
666 291 855 325 continua
899 287 1039 324 florum
1083 288 1317 325 alimentum

147 358 324 394 abstulit.
381 358 569 400 alvorum,
591 371 680 393 cum
701 357 779 394 mel
802 360 1014 401 eximatur,
1030 357 1139 394 inlini
1161 364 1321 407 oportet

148 430 279 464 exitus
309 426 604 477 melissophyllo
634 432 704 463 aut
733 430 891 477 genista
922 429 1039 471 tritis,
1069 433 1139 464 aut
1169 427 1320 464 medias

148 497 237 533 alba
267 500 346 533 vite
377 499 591 547 praecingi,
623 510 671 532 ne
701 510 795 546 apes
825 496 1047 546 diffugiant.
1103 510 1197 533 vasa
1225 497 1319 533 mel-

151 567 243 602 laria
268 573 337 603 aut
362 566 470 603 favos
496 567 614 602 lavari
641 580 744 615 aqua
769 568 1033 615 praecipiunt,
1056 565 1131 603 hac
1155 566 1321 603 decocta

149 636 230 672 fieri
256 636 561 672 saluberrimum
585 642 758 672 acetum.

199 705 344 741 XLIX.
376 705 474 741 Cera
495 705 538 742 fit
558 707 753 754 expressis
772 705 884 749 favis,
902 704 973 742 sed
992 711 1086 742 ante
1105 705 1322 755 purificatis

149 788 250 824 aqua
270 788 314 811 ac
332 775 463 811 triduo
482 778 518 810 in
539 776 714 811 tenebris
732 777 900 812 siccatis.
919 781 1062 824 quarto
1079 775 1144 811 die
1161 775 1322 825 liquatis

149 847 228 894 igni
255 847 294 880 in
320 858 420 881 novo
446 845 567 887 fictili,
594 858 698 894 aqua
723 844 831 880 favos
857 850 1039 894 tegente,
1065 850 1161 881 tune
1185 851 1321 894 sporta

149 914 297 950 colatis.
355 928 486 950 rursus
522 917 561 950 in
598 914 739 950 eadem
776 914 853 950 olla
888 916 1072 963 coquitur
1107 927 1198 950 cera
1233 928 1323 951 cum

151 983 291 1020 eadem
325 997 427 1033 aqua
462 986 739 1033 excipiturque
773 983 848 1019 alia
880 983 1038 1034 frigida,
1071 986 1172 1021 vasis
1204 984 1322 1021 melle

149 1053 388 1090 circumlitis.
444 1057 597 1102 optima
626 1066 729 1102 quae
761 1051 909 1090 Punica
938 1059 1115 1097 vocatur,
1144 1057 1326 1103 proxima

151 1136 270 1172 quam
293 1126 467 1159 maxime
491 1122 597 1160 fulva
621 1123 832 1172 odorisque
854 1123 1000 1166 mellei,
1024 1136 1137 1172 pura,
1159 1126 1323 1160 natione

150 1198 286 1229 autem
311 1191 488 1235 Pontica,
514 1192 618 1242 quod
643 1199 825 1229 constare
850 1192 1037 1242 equidem
1061 1195 1192 1235 miror,
1216 1196 1322 1229 inter

151 1268 350 1299 venenata
387 1262 519 1305 mella,
551 1262 642 1298 dein
684 1262 854 1305 Cretica,
887 1262 1102 1312 plurimum
1137 1265 1242 1299 enim
1275 1276 1324 1299 ex

151 1332 301 1381 propoli
338 1331 475 1376 habet,
512 1332 562 1369 de
599 1345 678 1382 qua
713 1332 885 1368 diximus
920 1334 960 1368 in
996 1338 1140 1368 natura
1175 1335 1323 1382 apium.

150 1407 240 1451 post
260 1401 330 1438 has
351 1401 522 1445 Corsica,
543 1404 730 1451 quoniam
753 1414 800 1438 ex
822 1402 929 1438 buxo
949 1401 1008 1445 fit,
1028 1401 1176 1438 habere
1197 1415 1321 1452 quan-

151 1471 244 1508 dam
290 1474 367 1507 vim
414 1471 686 1508 medicaminis
733 1477 911 1521 putatur.
968 1469 1115 1508 Punica
1162 1471 1207 1508 fit
1251 1471 1325 1509 hoc

150 1540 290 1577 modo:
334 1541 551 1578 ventilatur
579 1542 652 1578 sub
681 1541 747 1578 diu
776 1543 934 1590 saepius
963 1554 1054 1577 cera
1081 1540 1202 1585 fulva,
1231 1541 1325 1578 dein

151 1609 279 1647 fervet
309 1613 346 1646 in
377 1624 481 1660 aqua
509 1613 662 1647 marina
691 1623 740 1647 ex
770 1610 850 1647 alto
879 1613 1009 1660 petita
1038 1610 1175 1647 addito
1204 1613 1322 1648 nitro.

151 1680 243 1717 inde
278 1680 434 1731 lingulis
468 1680 658 1717 hauriunt
691 1679 842 1725 florem,
875 1680 916 1717 id
949 1686 1011 1717 est
1043 1680 1323 1718 candidissima

196 1856 210 1870 ⁰
233 1851 446 1892 Apparently
464 1852 484 1864 ‘⁴
499 1851 681 1892 plucked‚''
695 1861 733 1882 or
749 1851 769 1864 “
782 1851 937 1893 stripped
953 1851 991 1882 of
1002 1851 1187 1882 feathers.”
1233 1852 1326 1883 With

152 1894 210 1925 the
227 1894 366 1933 reading
384 1895 513 1930 crudas,
533 1895 552 1906 ‘⁴
569 1894 672 1925 raw.'’

193 1935 205 1955 ⁶
232 1937 294 1967 XI.
317 1931 398 1975 §16⁴

200 1985 210 1999 ⁰
235 1980 302 2011 Or:
337 1979 460 2010 “from
480 1979 538 2010 the
559 1979 644 2020 deep
664 1978 757 2011 sea.'‘

154 2055 224 2079 220
