1469 2299
98 639 148 667 lssl

101 1287 155 1317 1132

387 96 579 132 PLINY:
625 94 885 132 NATURAL
918 93 1151 130 HISTORY

179 201 271 237 clari
317 202 421 235 inter
465 200 673 247 magistros
711 196 866 233 dicendi
912 195 1180 232 adsectatores
1222 195 1350 231 simili-

181 273 359 309 tudinem
390 271 526 307 coloris
555 269 694 306 studiis
723 270 914 305 contracti
947 269 1135 308 imitatos,
1167 273 1205 303 et
1237 266 1352 316 paulo

182 351 275 381 ante
310 343 452 380 Iulium
485 342 691 378 Vindicem
723 340 968 377 adsertorem
1000 339 1109 376 illum
1141 353 1164 375 a
1196 339 1352 375 Nerone

180 417 374 453 libertatis
422 416 638 464 captationi
688 415 920 449 testamenti
970 414 1024 447 sic
1072 411 1350 448 lenocinatum.

183 491 333 525 narium
372 489 605 536 sanguinem
644 484 808 535 pastillis
847 484 1015 520 inditum
1054 483 1114 519 vel
1153 496 1201 520 ex
1240 488 1353 519 aceto

182 574 317 597 recens
340 562 441 595 sistit
466 565 505 595 et
529 558 728 594 oculorum
752 555 948 606 epiphoris
971 569 1042 605 per
1063 569 1104 592 se
1127 557 1353 605 inpositurn.

183 633 428 668 tumentibus
464 644 552 666 curn
590 630 705 666 melle
741 629 914 678 prodest.
971 627 1186 664 infantibus
1222 630 1351 676 inponi

183 707 221 740 in
255 710 392 739 ventre
432 705 526 739 satis
562 708 634 738 est.
690 702 825 738 morbo
864 703 972 750 regio
1011 703 1049 736 in
1083 703 1172 736 vino
1206 699 1294 736 albo
1333 715 1351 736 a

185 776 347 812 balineis
396 776 526 811 datur.
600 773 881 823 Aethiopicum
929 775 1102 809 maxime
1151 774 1189 808 in
1238 785 1353 821 posca

185 855 223 884 et
273 851 310 883 in
360 847 570 895 ecligmate
618 860 705 882 curn
755 845 883 882 melle.
941 844 1125 881 Africano
1172 846 1352 893 privatim

185 923 318 956 urinae
370 921 696 956 incontinentiam
747 917 917 954 cohiberi
976 922 1130 966 putant.
1186 919 1353 953 sativum

183 993 300 1029 datur
321 992 369 1028 ad
392 994 569 1028 iocineris
591 993 685 1027 vitia
706 996 870 1032 tostum,
891 992 1030 1026 tritum
1052 991 1089 1025 in
1111 995 1238 1031 aceto,
1258 991 1353 1025 item

184 1065 233 1101 ad
255 1067 515 1114 vertiginem3
550 1066 580 1099 is
603 1077 695 1099 vero
717 1076 814 1112 quos
837 1064 959 1098 acrior
981 1064 1092 1098 urina
1114 1060 1293 1098 mordeat
1316 1063 1354 1097 in

183 1137 285 1173 dulci
314 1139 467 1179 tritum,
494 1136 541 1172 ad
572 1135 772 1172 vulvarum
801 1137 894 1171 vitia
923 1137 960 1170 in
988 1136 1091 1177 vino,
1117 1139 1354 1182 praeterque

185 1211 361 1258 inpositis
403 1208 546 1244 vellere
587 1207 701 1251 foliis,
743 1209 905 1244 testium
947 1206 1166 1243 tumoribus
1206 1211 1354 1242 tostum

184 1284 403 1330 tritumque
427 1294 517 1317 cum
541 1280 658 1316 melle
683 1286 752 1316 aut
776 1293 865 1316 cum
891 1292 1048 1315 rosaceo
1074 1284 1113 1315 et
1138 1291 1240 1314 cera.
1294 1278 1354 1314 sil-

186 1360 314 1389 vestre
357 1353 407 1389 ad
449 1355 579 1389 onmia
623 1352 764 1388 eadem
806 1352 1013 1393 efficacius,
1056 1356 1265 1400 praeterea
1305 1350 1354 1387 ad

183 1432 388 1475 serpentes
430 1438 519 1461 cum
561 1424 661 1469 oleo,
698 1424 747 1460 ad
790 1426 1026 1473 scorpioneS,
1067 1422 1353 1472 scolopendras.

184 1500 286 1533 sistit
322 1503 361 1533 et
396 1499 651 1533 vomitionem
686 1499 923 1545 nausiasque
957 1509 1005 1532 ex
1041 1498 1129 1532 vino
1163 1501 1353 1545 quantum

185 1569 519 1619 adprehenderint
553 1575 633 1606 tres
664 1569 791 1619 digiti.
848 1574 1010 1618 propter
1039 1567 1167 1605 colum
1199 1581 1355 1618 quoque

184 1643 331 1678 bibitur
354 1642 610 1691 inliniturque
634 1641 694 1678 vel
717 1641 907 1691 penicillis
931 1640 1100 1684 fervens,
1124 1640 1356 1689 adprimitur

186 1713 325 1750 fasciis.
381 1714 715 1764 strangulationes
738 1713 876 1750 vulvae
898 1719 1037 1763 potum
1059 1715 1098 1749 in
1119 1715 1208 1749 vino
1229 1715 1354 1762 aperit

184 1787 308 1823 tribus
356 1785 549 1823 drachmis
598 1788 636 1822 in
682 1786 808 1823 tribus
854 1784 1007 1836 cyathis
1054 1787 1144 1821 vini.
1199 1785 1355 1822 auribus

186 1858 398 1895 instillatur
442 1858 492 1895 ad
536 1860 687 1895 sonitus
741 1864 864 1908 atque
907 1860 1075 1895 tinnitus
1119 1871 1208 1894 cum
1261 1857 1355 1894 sebo

188 1930 351 1967 vitulino
412 1930 473 1966 vel
535 1930 665 1967 melle.
747 1930 968 1981 suggillatis
1030 1929 1206 1966 inlinitur
1266 1943 1355 1966 cum

186 2019 232 2053 94
