1469 2299
107 197 163 228 171

111 997 171 1027 173

115 1429 174 1459 174

397 90 591 127 PLINY:
636 90 898 128 NATURAL
931 90 1166 127 HISTORY

241 192 428 229 XCVIII.
458 191 630 242 Lychnis¹
664 205 823 241 quoque
857 191 1043 228 flammea
1075 192 1141 227 illa
1174 192 1362 228 adversus

196 259 403 303 serpentes
425 259 467 290 et
486 256 710 302 scorpiones
732 259 773 290 et
793 254 1003 289 crabrones
1025 253 1246 302 similiaque
1270 254 1367 289 bibi—

196 320 262 351 tur
286 328 307 352 e
331 318 420 352 vino
445 318 595 351 semine
620 318 727 351 trito.
782 315 970 351 silvestris
996 314 1137 350 eadem
1162 313 1367 351 stomacho

195 377 356 413 inutilis.
412 377 543 413 alvum
574 376 703 420 solvit,
734 376 784 413 ad
814 375 1107 413 detrahendam
1136 375 1257 412 bilem
1289 375 1369 411 effi-

194 441 397 474 cacissima
428 438 583 475 duabus
615 437 826 481 drachmis,
858 438 1128 486 scorpionibus
1160 443 1244 473 tam
1276 450 1366 473 con-

197 503 319 536 traria
345 505 390 536 ut
415 502 575 536 omnino
602 502 684 535 visa
710 512 758 535 ea
784 504 1027 548 torpescant.
1082 499 1256 535 radicem
1284 500 1367 535 eius

196 562 332 598 Asiani
351 561 503 598 boliten
520 567 677 604 vocant,
696 574 776 611 qua
794 560 1011 610 adalligata
1029 560 1141 596 oculo
1160 560 1368 610 albugines

196 623 280 659 tolli
301 623 499 659 dicuntur.

249 684 391 721 XCIX.
422 685 476 721 Et
507 686 753 734 vicapervica
783 686 864 720 sive
896 682 1226 732 chamaedaphne
1258 682 1370 719 arida

197 751 288 782 tusa
324 745 549 796 hydropicis
588 746 708 782 datur
745 748 785 781 in
823 759 928 795 aqua
966 745 1131 781 cocleari
1170 758 1370 788 mensura,

199 807 487 857 celerrimeque
524 807 701 844 reddunt
738 820 896 857 aquam.
953 806 1095 843 eadem
1132 806 1297 843 decocta
1334 808 1373 842 in

199 871 331 905 cinere
371 883 507 919 sparsa
546 872 636 906 vino
675 874 852 905 tumores
892 871 1026 905 siccat.
1082 869 1242 904 auribus
1281 881 1374 904 suco

199 931 397 967 medetur.
453 931 548 967 alvis
564 932 576 954 1
592 933 765 980 inposita
780 930 995 980 plurimum
1012 929 1200 979 prodesse
1217 929 1373 966 dicitur.

249 992 291 1029 C.
322 992 440 1029 Rusci
468 993 579 1029 radix
607 993 775 1029 decocta
800 992 951 1028 bibitur
978 991 1140 1028 alternis
1168 991 1308 1028 diebus
1335 994 1373 1027 in

200 1054 442 1090 calculorum
454 1054 675 1090 valitudine
689 1059 731 1090 et
742 1055 983 1090 tortuosiore
996 1055 1109 1089 urina
1121 1052 1182 1089 vel
1195 1058 1374 1089 cruenta.

200 1115 374 1152 radicem
401 1116 527 1165 pridie
554 1118 637 1152 erui
663 1121 838 1165 oportet,
864 1120 1025 1164 postero
1050 1127 1167 1151 mane
1194 1114 1376 1164 decoqui,

202 1190 251 1213 ex
278 1190 325 1214 eo
350 1180 569 1214 sextarium
596 1179 673 1213 vini
700 1176 855 1228 cyathis
881 1176 1035 1213 duobus
1061 1178 1228 1212 misceri.
1284 1181 1377 1213 sunt

201 1241 267 1288 qui
291 1245 333 1275 et
354 1239 518 1276 crudam
540 1239 714 1276 radicem
736 1241 875 1275 tritam
898 1251 947 1274 ex
970 1251 1075 1288 aqua
1095 1238 1251 1281 bibant,
1274 1243 1316 1274 et
1337 1240 1376 1274 in

200 1306 332 1337 totum
360 1301 410 1338 ad
438 1301 562 1337 virilia
589 1300 789 1337 cauliculis
818 1302 901 1337 eius
929 1313 979 1336 ex
1007 1306 1123 1338 aceto
1149 1302 1253 1336 tritis
1282 1298 1377 1335 nihil

202 1363 338 1399 utilius
365 1368 524 1412 putant.

251 1424 316 1461 CI.
346 1424 455 1461 Batis
470 1437 630 1474 quoque
645 1424 776 1462 alvum
789 1423 928 1460 mollit.
964 1423 1143 1459 inlinitur
1156 1423 1378 1472 podagricis

203 1486 326 1523 cruda
363 1492 406 1523 et
433 1492 612 1523 contusa.
679 1489 819 1522 acinon
859 1491 900 1522 et
928 1498 1162 1522 coronarum
1190 1498 1308 1521 causa
1337 1490 1379 1521 et

203 1548 381 1584 ciborum
408 1549 601 1599 Aegyptii
629 1553 781 1591 serunt,
809 1547 1033 1597 eademque
1061 1552 1147 1583 erat
1173 1559 1277 1596 quae
1303 1548 1379 1582 oci-

250 1635 261 1653 ¹
285 1635 370 1665 alvis
400 1635 591 1666 Barbarus:
633 1635 756 1665 alvinis
780 1634 850 1675 fere
879 1644 989 1665 omnes
1017 1633 1107 1664 codd.
1137 1637 1165 1664 et
1194 1631 1378 1673 Detlessen:

206 1677 276 1707 alvi
296 1678 389 1708 vitiis
410 1678 573 1718 Mayhoff.

249 1783 263 1798 ⁰
288 1779 332 1810 So
358 1779 417 1810 the
446 1779 546 1810 order
575 1779 614 1810 of
640 1779 749 1810 words
779 1789 887 1810 seems
916 1781 954 1809 to
983 1777 1144 1809 indicate.
1192 1777 1261 1808 But
1291 1776 1381 1808 oculo

205 1822 315 1863 might
337 1822 378 1852 be
399 1822 504 1853 taken
526 1822 609 1852 with
631 1822 723 1853 tolli:
761 1821 824 1852 “if
843 1822 870 1852 it
893 1821 933 1852 be
954 1821 1025 1851 tied
1049 1831 1091 1851 on
1115 1831 1152 1851 as
1174 1830 1216 1851 an
1240 1820 1380 1856 amulet,

206 1865 309 1896 white
326 1865 414 1896 films
432 1875 490 1896 are
507 1865 581 1896 said
599 1868 636 1896 to
655 1865 696 1895 be
714 1864 875 1895 removed
894 1864 981 1894 from
1000 1864 1059 1894 the
1077 1863 1175 1904 eye.''

253 1908 265 1927 θ
288 1908 322 1938 It
347 1909 374 1938 is
398 1912 461 1939 not
485 1908 609 1938 known
634 1907 687 1938 for
711 1908 839 1938 certain
867 1907 959 1937 what
983 1906 1100 1946 albnqo
1125 1916 1204 1936 was.
1251 1905 1285 1936 It
1310 1905 1337 1935 is
1361 1915 1382 1935 a

205 1951 298 1981 word
315 1950 423 1981 found
440 1950 645 1991 apparently
664 1950 744 1991 only
763 1951 797 1980 in
817 1949 927 1990 Pliny.
974 1949 1034 1980 See
1051 1959 1083 1989 p.
1101 1949 1146 1979 ix.

204 2013 271 2047 282
