1469 2299
139 475 177 506 lO

141 1008 171 1037 ll

141 1382 176 1411 12

407 99 570 137 PLINY
585 113 593 137 :
636 99 898 136 NATURAL
934 99 1169 137 HISTORY

202 203 362 239 hemina
394 215 522 252 aquae
555 202 650 238 dato
682 207 839 245 sanant,
871 207 1048 238 tumores
1080 202 1231 239 subitos
1264 202 1376 239 inlito

202 269 292 293 cum
332 256 434 292 lacte
474 255 695 292 mulierum.
750 261 897 305 purgat
937 268 1003 292 eas
1043 255 1266 299 elaterium,
1306 256 1376 292 sed

203 309 374 360 gravidis
409 310 593 346 abortum
620 308 727 345 facit.
783 311 1001 358 suspiriosis
1038 309 1214 358 prodest,
1240 310 1378 347 morbo

203 376 295 399 vero
315 365 423 412 regio
443 365 482 398 in
502 375 615 398 nares
635 364 870 398 coniectum.
909 361 1122 412 lentigines
1142 375 1186 399 ac
1204 363 1376 400 maculas

203 429 224 452 e
251 415 350 452 facie
378 416 481 452 tollit
507 418 546 451 in
573 415 654 451 sole
680 415 851 452 inlitum.

254 469 299 505 V.
331 469 450 506 Multi
477 469 618 505 eadem
643 471 774 505 omnia
799 470 934 504 sativis
959 469 1232 505 cucumeribus
1258 468 1377 505 adtri-

205 523 346 565 buunt,
375 525 508 572 magni
539 525 661 558 etiam
689 524 773 558 sine
802 524 847 558 iis
875 524 1080 558 momenti.
1136 535 1307 571 namque
1336 528 1377 559 et

203 589 337 612 eorum
372 589 508 612 semen
542 581 737 625 quantum
771 581 852 612 tres
887 575 1001 624 digiti
1036 575 1375 624 adprehenderint

202 642 290 665 curn
320 632 476 666 cumino
506 632 644 665 tritum
674 634 895 678 potumque
925 631 965 664 in
995 631 1083 665 vino
1112 630 1372 666 tussientibus

203 683 427 725 auxiliatur,
474 688 515 718 et
559 682 801 731 phreneticis
857 685 896 718 in
941 682 1044 718 lacte
1099 682 1288 725 mulieris,
1334 689 1376 719 et

203 736 451 786 dysintericis
497 736 694 772 acetabuli
739 748 938 778 mensura,
983 735 1196 784 purulenta
1241 742 1375 772 autem

205 790 470 838 expuentibus
494 803 583 825 curn
606 792 762 825 cumino
786 792 867 838 pari
892 789 1079 838 pondere.
1135 795 1177 826 et
1198 791 1377 826 iocineris

205 845 305 879 vitiis
335 845 373 878 in
399 856 502 891 aqua
531 843 668 879 mulsa.
723 845 873 878 urinam
904 848 1039 878 movet
1063 855 1112 878 ex
1143 845 1231 879 vino
1260 843 1377 887 dulci,

204 902 245 932 et
282 898 321 931 in
351 899 501 932 renium
532 896 665 932 dolore
695 896 930 946 clysteribus
959 896 1072 932 simul
1103 909 1192 932 cum
1221 899 1378 933 cumino

205 949 436 986 infunditur.

257 1003 323 1038 VI.
354 1002 430 1048 Qui
457 1015 632 1052 pepones
661 1008 850 1039 vocantur
876 1001 1114 1052 refrigerant
1140 1005 1312 1039 maxime
1339 1006 1378 1039 in

203 1056 289 1091 cibo
333 1062 373 1092 et
418 1056 624 1093 emolliunt
667 1056 809 1092 alvum.
864 1069 954 1092 caro
998 1068 1133 1092 eorum
1177 1056 1376 1106 epiphoris

203 1109 401 1146 oculorum
456 1115 525 1146 aut
577 1109 775 1145 doloribus
829 1111 1041 1158 inponitur.
1097 1109 1207 1146 radix
1260 1116 1377 1146 sanat

205 1163 334 1198 ulcera
363 1169 547 1199 concreta
575 1165 614 1199 in
643 1163 805 1199 modum
834 1162 926 1206 favi,
956 1176 1058 1212 quae
1087 1165 1192 1199 ceria
1221 1169 1375 1200 vocant.

204 1216 345 1252 eadem
387 1219 560 1252 concitat
603 1219 848 1253 vomitiones.
904 1219 1085 1259 siccatur,
1128 1219 1167 1252 in
1210 1215 1377 1253 farinam

203 1275 319 1306 tunsa
350 1269 468 1306 datur
498 1276 688 1319 quattuor
718 1270 840 1306 obolis
871 1271 910 1305 in
941 1283 1044 1319 aqua
1074 1270 1213 1313 mulsa,
1243 1273 1300 1307 ita
1330 1276 1375 1307 ut

204 1326 270 1372 qui
291 1324 436 1359 biberit
457 1326 695 1373 quingentos
716 1337 852 1372 passus
873 1329 1013 1372 postea
1033 1324 1223 1360 ambulet.
1278 1323 1378 1360 haec

204 1376 329 1412 farina
372 1382 414 1413 et
457 1379 496 1412 in
539 1382 762 1427 smegmata
805 1377 984 1413 adicitur.
1039 1382 1176 1413 cortex
1220 1390 1378 1427 quoque

205 1433 459 1466 vomitionem
504 1436 652 1473 movet,
697 1430 839 1466 faciem
884 1436 1041 1480 purgat.
1096 1430 1170 1467 hoc
1215 1437 1257 1467 et
1284 1430 1377 1467 folia

203 1486 484 1532 cuiuscumque
526 1486 639 1520 sativi
682 1484 807 1521 inlita.
863 1484 1004 1520 eadem
1046 1497 1134 1520 cum
1176 1484 1294 1520 melle
1337 1490 1379 1521 et

205 1537 452 1586 epinyctidas
489 1543 645 1580 sanant,
682 1550 771 1574 cum
808 1540 899 1573 vino
936 1540 1041 1574 canis
1079 1551 1242 1581 morsus,
1279 1540 1377 1574 item

202 1590 470 1640 multipedae;
513 1603 609 1640 sepa
638 1590 779 1627 Graeci
809 1597 964 1635 vocant,
993 1591 1218 1641 oblongam,
1247 1591 1378 1640 pilosis

247 1723 260 1736 ¹¹
284 1718 478 1748 Pernicious
495 1717 648 1754 malaria,
664 1718 743 1749 that
760 1718 845 1748 form
865 1718 904 1748 of
916 1719 943 1749 it
960 1718 1068 1749 which
1086 1719 1113 1749 is
1130 1719 1377 1750 characterised

205 1762 248 1801 by
269 1762 388 1801 raving
407 1760 474 1791 and
495 1761 661 1792 delirium.
709 1761 769 1792 See
794 1771 850 1801 pp.
869 1761 1020 1794 xiii-xiv.

250 1804 260 1823 ⁶
285 1804 408 1843 Honey
429 1804 496 1834 and
519 1810 634 1835 water.

249 1851 259 1864 ⁶
283 1846 390 1876 There
409 1857 465 1876 are
485 1857 589 1882 manv
608 1846 718 1877 kinds.
766 1846 826 1877 See
848 1846 946 1877 XIX.
967 1847 981 1885 ἓ
999 1847 1050 1878 65.

249 1888 262 1906 ‘¹
286 1889 500 1929 Apparently
528 1881 595 1930 an‘y
624 1889 700 1920 rash
730 1890 916 1930 appearing
943 1889 1066 1930 during
1093 1890 1152 1920 the
1179 1889 1277 1931 night
1304 1895 1376 1931 (ay.

202 1931 350 1972 through
372 1931 468 1971 bugs>
489 1942 556 1962 was
574 1942 610 1962 so
629 1932 747 1962 called.
796 1931 856 1962 See
874 1942 904 1971 p.
923 1932 991 1962 viii.

245 1980 255 1992 ²
279 1974 389 2005 Greek
406 1974 510 2014 σήπω,
527 1978 547 1991 “
561 1974 576 2005 Ι
591 1973 760 2015 corrupt'‘
778 1978 828 2013 (or
843 1978 864 1991 “
877 1974 987 2015 rot’').

202 2035 224 2071 8
