1469 2299
135 375 194 406 143

133 1015 192 1047 144

133 1594 191 1625 145

425 139 617 176 PLINY:
664 139 925 177 NATURAL
959 139 1192 177 HISTORY

218 243 395 285 rimosas,
411 241 613 278 oculorum
635 247 771 278 autem
794 240 1002 290 epiphoras
1023 255 1111 277 cum
1133 241 1309 278 meliloto
1330 247 1399 278 aut

221 311 401 342 cotoneo.
457 311 594 342 contra
614 308 875 355 suppurantia
893 319 982 341 curn
1002 305 1165 354 polenta
1184 307 1397 354 inponitur.

222 369 411 406 decoctae
438 383 553 406 sucus
579 369 628 406 ad
655 372 730 406 oris
757 369 1072 406 exulcerationes
1099 375 1140 405 et
1164 369 1399 419 genitalium

220 433 447 476 adhibetur,
469 433 518 470 ad
543 434 680 470 sedem
701 447 790 470 cum
816 446 975 470 rosaceo
1000 439 1069 470 aut
1093 439 1274 476 cotoneo,
1296 435 1333 469 in
1354 435 1398 470 iis

221 511 324 547 quae
345 500 470 534 acrius
495 498 714 534 remedium
738 500 902 547 exigant
926 511 1015 534 cum
1037 500 1243 546 putamine
1268 498 1398 546 punici

219 562 336 598 melle
367 562 521 598 modico
552 562 720 599 adiecto.
777 562 827 598 ad
858 561 896 598 id
927 561 1104 605 demum,
1134 574 1184 597 ne
1215 561 1400 597 celeriter

220 630 428 668 inarescat,
477 625 652 662 adiciunt
700 631 741 662 et
783 626 904 662 betae
951 625 1055 662 folia.
1111 628 1313 674 inponitur
1359 631 1399 662 et

221 692 395 734 strumis,
428 692 539 739 panis
573 690 632 726 vel
666 692 830 726 maturis
864 689 923 726 vel
956 690 1318 726 maturescentibus
1350 702 1399 726 ex

221 760 336 790 aceto
366 754 554 797 discocta,
586 757 691 791 rimis
722 767 769 790 ex
801 767 905 803 aqua
934 754 1061 790 mulsa
1091 759 1133 790 et
1161 756 1399 803 gangraenis

218 832 307 854 cum
338 821 468 867 punici
499 821 692 868 tegmine,
717 821 813 854 item
843 818 1028 867 podagris
1057 831 1146 854 cum
1172 817 1335 867 polenta
1360 824 1401 855 et

221 882 343 918 vulvis
388 888 429 919 et
475 883 647 926 renibus,
691 883 960 932 pernionibus,
1005 882 1200 918 ulceribus
1244 882 1400 918 difficile

219 948 444 983 cicatricem
477 946 742 983 trahentibus.
798 952 961 996 propter
991 946 1291 982 dissolutionem
1322 951 1399 982 sto-

219 1010 346 1046 machi
396 1024 467 1047 xxx
512 1025 636 1061 grana
681 1011 798 1047 lentis
844 1011 1096 1047 devorantur.
1152 1013 1192 1046 in
1235 1009 1400 1047 choleris

223 1088 382 1125 quoque
416 1081 457 1111 et
490 1075 709 1126 dysinteria
735 1076 927 1112 efficacior
954 1080 1015 1111 est
1043 1077 1079 1111 in
1108 1075 1234 1111 tribus
1261 1074 1400 1124 aquisl

220 1145 347 1183 cocta,
372 1141 412 1175 in
439 1153 517 1189 quo
544 1154 635 1176 usus
662 1139 802 1176 melius
829 1152 986 1188 semper
1013 1152 1101 1175 eam
1128 1144 1279 1175 torrere
1305 1145 1400 1175 ante

219 1209 261 1240 et
283 1204 468 1248 tundere,
493 1210 537 1240 ut
559 1218 678 1254 quam
703 1206 936 1240 tenuissima
958 1203 1077 1240 detur
1098 1203 1159 1239 vel
1181 1216 1253 1252 per
1274 1216 1316 1239 se
1338 1203 1400 1239 vel

217 1281 307 1304 cum
338 1274 507 1305 cotoneo
539 1268 643 1305 malo
673 1274 743 1305 aut
774 1271 866 1318 piris
898 1273 968 1304 aut
997 1273 1129 1318 myrto
1160 1273 1230 1303 aut
1259 1268 1399 1304 intubo

219 1335 388 1369 erratico
409 1338 478 1369 aut
499 1333 595 1369 beta
615 1335 728 1383 nigra
749 1338 819 1369 aut.
840 1332 1085 1382 plantagine.
1140 1331 1316 1381 pulmoni
1339 1337 1400 1368 est

220 1397 369 1433 inutilis
391 1402 433 1433 et
453 1400 594 1446 capitis
616 1397 739 1433 dolori
761 1399 1015 1446 nervosisque
1037 1396 1219 1433 omnibus
1241 1401 1283 1432 et
1303 1395 1399 1440 felli,

219 1474 292 1497 nec
320 1475 457 1498 somno
485 1461 622 1504 facilis,
651 1467 693 1497 et
721 1461 868 1511 pusulis
897 1461 1002 1497 utilis
1031 1463 1192 1510 ignique
1220 1473 1330 1496 sacro
1358 1465 1399 1496 et

218 1528 401 1562 mammis
435 1528 472 1561 in
507 1539 609 1575 aqua
644 1528 793 1562 marina
828 1525 1007 1568 decocta,
1040 1527 1079 1560 in
1115 1530 1229 1560 aceto
1262 1530 1398 1560 autem

219 1589 384 1626 duritias
405 1596 446 1626 et
465 1596 636 1626 strumas
656 1590 830 1626 discutit.
887 1588 1078 1626 stomachi
1100 1588 1260 1638 quidem
1280 1602 1399 1625 causa

220 1654 406 1703 polentae
443 1655 559 1691 modo
595 1655 822 1703 potionibus
859 1656 1111 1703 inspergitur.
1167 1665 1270 1702 quae
1305 1658 1399 1689 sunt

219 1719 404 1755 ambusta
434 1732 537 1768 aqua
566 1721 780 1755 semicocta
808 1724 935 1761 curat,
964 1723 1104 1767 postea
1133 1719 1229 1753 trita
1258 1722 1299 1753 et
1329 1730 1398 1765 per

220 1783 390 1818 cribrum
432 1782 553 1819 effuso
593 1782 757 1826 furfure,
791 1796 881 1819 mox
917 1782 1160 1831 procedente
1193 1783 1396 1817 curatione

221 1847 358 1883 addito
379 1847 508 1883 melle.
565 1860 612 1883 ex
634 1860 750 1896 posca
771 1849 954 1896 coquitur
974 1846 1022 1882 ad
1042 1851 1219 1896 guttura.
1275 1853 1336 1881 est
1356 1851 1397 1881 et

423 1929 433 1947 ¹
458 1929 555 1968 aquis
577 1929 666 1959 codd.
685 1941 690 1958 :
724 1938 833 1968 aquae
853 1929 987 1968 cyathis
1009 1926 1180 1967 Dellefsen.

579 2017 594 2032 ⁴²
616 2013 706 2045 That
722 2014 760 2050 is,
777 2013 900 2044 cholera
917 2016 1054 2044 nostras.

219 2069 286 2115 396
