1469 2299
91 324 150 355 180

91 857 147 888 181

93 1178 152 1208 182

93 1605 152 1637 183

377 109 571 146 PLINY:
617 109 879 147 NATURAL
912 109 1145 147 HISTORY

176 211 433 248 occultabant
461 211 651 262 erythron
679 217 749 248 aut
775 211 952 248 neurada
978 217 1061 255 aut,
1088 216 1134 248 ut
1159 211 1350 254 nonnulli,

176 267 368 313 perisson,
396 277 445 301 ne
473 265 637 301 cavendi
667 265 828 314 quidem
856 278 975 301 causa
1002 267 1190 301 curiosius
1218 264 1349 301 dicen-

176 319 284 354 dum.
340 321 435 367 quin
479 323 519 354 et
563 318 732 354 alterum
776 331 903 367 genus
946 318 1051 367 quod
1095 317 1350 354 halicacabon

178 377 321 408 vocant
353 371 615 421 soporiferum
650 377 711 408 est
744 378 867 421 atque
901 374 1023 408 etiarn
1056 374 1146 420 opio
1180 371 1350 408 velocius

178 425 228 461 ad
245 430 430 467 mortem,
448 425 498 461 ab
515 425 599 461 aliis
615 427 782 467 motion,
799 425 849 461 ab
866 425 950 461 aliis
967 424 1072 474 moly
1090 424 1350 474 appellatum,

176 478 386 514 laudatum
433 491 526 514 vero
568 492 590 514 a
639 478 778 515 Diocle
820 484 862 514 et
907 478 1102 521 Evenore‚
1139 478 1351 514 Timaristo

177 532 339 581 quidem
368 534 489 568 etiam
519 534 707 574 carmine,
735 534 833 567 mira
860 531 1056 567 oblivione
1084 533 1350 576 innocentiae,

178 588 327 634 quippe
358 591 695 634 praesentaneum
727 585 947 621 remedium
979 585 1028 621 ad
1058 585 1240 621 dentium
1270 598 1350 621 mo-

178 639 277 675 biles
308 638 535 677 firmandos.
565 641 594 674 si
625 638 894 675 colluerentur
922 637 1150 674 halicacabo
1180 641 1219 674 in
1249 641 1349 674 vino.

179 694 459 740 exceptionem
501 692 705 735 addidere,
746 705 796 728 ne
835 692 984 728 diutius
1023 691 1063 728 id
1103 691 1245 735 fieret;
1284 691 1351 728 de-

178 745 401 782 lirationem
431 747 535 781 enirn
556 748 678 795 gigni.
713 759 789 782 non
812 744 1125 782 demonstranda
1141 746 1154 768 1
1176 745 1353 782 remedia

178 812 346 848 quorum
380 799 576 835 medicina
610 801 767 835 maioris
800 798 892 835 mali
927 798 1145 847 periculum
1180 798 1350 835 adferat.

177 852 483 889 commendetur
513 865 609 902 ergo
639 855 678 888 in
708 853 804 888 cibis
834 854 999 888 tertium
1029 865 1156 901 genus
1186 852 1278 888 licet
1308 865 1352 888 ac

180 905 432 955 praeferatur
462 905 672 942 hortensiis
704 906 910 954 saporibus
942 911 984 942 et
1014 905 1066 941 nil
1099 908 1151 941 sit
1181 908 1352 954 corporis

178 959 373 995 malorum
415 961 475 995 cui
519 973 597 996 non
639 959 832 996 salutares
875 958 1062 1009 trychnos
1106 959 1352 996 Xenocrates

180 1013 400 1062 praedicet,
425 1026 503 1049 non
534 1019 672 1049 tamen
696 1013 843 1049 auxilia
869 1013 1034 1049 eorum²
1062 1015 1165 1049 tanti
1191 1018 1284 1049 sunt
1308 1018 1353 1049 ut

181 1066 272 1102 ideo
312 1066 425 1115 plura
464 1079 534 1102 nos
574 1066 624 1103 de
664 1068 709 1103 iis
749 1078 1061 1102 commemorare
1101 1065 1159 1102 fas
1200 1071 1352 1115 putem,

181 1122 417 1168 praesertim
452 1125 567 1156 tanta
600 1122 714 1169 copia
746 1122 996 1156 innoxiorum
1031 1119 1351 1156 medicaminum.

178 1172 395 1209 halicacabi
414 1173 587 1210 radicem
605 1174 748 1210 bibunt
767 1175 833 1222 qui
852 1175 1055 1209 vaticinari
1074 1173 1352 1222 gallantesque

180 1240 271 1263 vere
293 1227 343 1263 ad
362 1227 652 1264 confirmandas
673 1229 976 1276 superstitiones
998 1229 1116 1275 aspici
1138 1239 1179 1262 se
1201 1226 1350 1263 volunt.

181 1280 358 1317 remedio
400 1281 553 1317 est—id
595 1283 700 1316 enim
742 1280 930 1316 libentius
971 1279 1351 1329 rettulerim—aqua

179 1336 337 1383 copiosa
374 1334 502 1370 mulsa
537 1334 665 1370 calida
701 1340 812 1383 potu.
868 1347 941 1370 nec
978 1333 1072 1369 illud
1111 1334 1351 1382 praeteribo,

180 1387 363 1436 aspidum
392 1393 560 1424 naturae
589 1387 861 1424 halicacabum
890 1390 928 1423 in
958 1392 1117 1423 tantum
1146 1387 1352 1424 adversam

182 1447 225 1477 ut
252 1441 382 1477 radice
409 1443 492 1477 eius
517 1443 677 1491 propius
702 1441 865 1477 admota
889 1446 1099 1490 soporetur
1122 1440 1187 1476 illa
1212 1453 1352 1489 sopore

180 1507 350 1531 enecans
387 1497 442 1531 vis
480 1508 628 1531 earum.
685 1508 780 1544 ergo
816 1497 912 1531 trita
948 1507 996 1530 ex
1034 1493 1120 1530 oleo
1157 1496 1351 1543 percussis

180 1548 404 1585 auxiliatur.

230 1602 330 1638 CVI.
361 1601 599 1638 Corchorum
631 1601 888 1638 Alexandrini
917 1601 992 1637 cibi
1021 1600 1146 1637 herba
1174 1606 1235 1637 est
1263 1614 1352 1637 con-

181 1655 323 1692 volutis
353 1655 452 1692 foliis
482 1655 531 1692 ad
560 1655 858 1692 similitudinem
888 1657 999 1697 mori,
1027 1654 1278 1704 praecordiis,
1308 1660 1352 1691 ut

228 1733 238 1752 ¹
263 1734 365 1774 gigni.
394 1744 460 1764 non
488 1733 768 1764 demonstranda.
816 1732 989 1773 Mayhoff:
1025 1733 1116 1774 gigni
1139 1743 1190 1769 eo,
1213 1732 1352 1763 demon-

181 1777 323 1806 strando
345 1776 486 1812 Urlichs,
504 1776 668 1816 Deflefsen
683 1788 690 1807 τ
718 1787 757 1807 eo
772 1780 801 1807 et
816 1776 893 1807 dem
911 1775 1135 1807 monstranda
1150 1774 1239 1806 codd.

230 1819 242 1837 ²
264 1830 381 1850 eorum
398 1820 488 1850 codd.
507 1819 694 1859 Dellefoen:
725 1830 842 1850 earum
858 1819 943 1849 coni.
963 1818 1126 1858 Mayhoff.

1266 1872 1345 1879 ‚—

328 1909 342 1923 ⁰
366 1905 451 1936 Red.
637 1905 649 1924 θ
673 1905 718 1935 As
735 1904 885 1945 exciting
903 1904 962 1935 the
982 1914 1110 1934 nerveS.

330 1952 342 1967 ⁰
365 1947 484 1978 Either
505 1951 553 1986 (α)
574 1947 787 1988 superfluous
808 1958 846 1978 or
867 1947 912 1988 (b)
933 1947 1205 1987 extraordinary.

325 1989 339 2008 ‘³
363 1989 467 2020 Jew’s
484 1987 629 2020 mallow.

191 2045 260 2080 288
