1469 2299
140 564 201 595 129

143 938 204 969 130

145 1366 202 1397 131

424 136 619 173 PLINY:
664 135 927 173 NATURAL
960 134 1196 172 HISTORY

226 241 334 276 canis
378 251 531 275 morsus
576 243 774 281 recentes,
819 251 910 274 cum
954 239 1045 274 vino
1090 236 1394 286 phagedaenae.

226 306 316 329 cum
336 294 545 341 papaveris
565 291 667 328 foliis
686 304 775 327 ossa
794 290 1026 327 extrahunt.
1081 293 1206 340 grossi
1225 290 1396 339 caprifici

227 345 454 382 inflationes
468 345 481 367 1
503 345 724 381 discutiunt
744 344 1125 380 suffitu—resistunt
1147 350 1189 380 et
1215 346 1396 393 sanguini

227 402 385 436 taurino
408 404 503 448 poto
527 404 568 435 et
590 397 793 447 psimithio
816 403 857 434 et
878 397 971 434 lacti
994 397 1206 446 coagulato
1227 403 1399 446 potae-

229 455 328 489 item
370 455 409 488 in
453 465 557 500 aqua
598 451 790 488 decoctae
833 456 957 500 atque
999 451 1138 487 inlitae
1181 450 1396 499 parotidas.

228 505 409 542 cauliculi
454 511 524 541 aut
566 507 691 554 grossi
736 507 819 540 eius
854 517 976 553 quam
1015 506 1306 540 minutissimae
1350 503 1399 539 ad

230 561 481 608 scorpionum
526 560 629 594 ictus
674 571 695 594 e
739 560 830 594 vino
874 558 1079 594 bibuntur.
1135 557 1194 593 lac
1239 569 1400 606 quoque

228 612 446 649 instillatur
466 611 610 661 plagae
633 617 676 647 et
697 610 789 647 folia
810 613 1071 660 inponuntur,
1092 612 1191 646 item
1213 610 1400 646 adversns

229 678 384 702 murem
406 678 609 701 araneum.
666 664 950 700 cauliculorum
970 666 1066 700 cinis
1087 677 1205 700 uvam
1225 663 1400 700 faucium

228 719 358 762 sedat,
386 719 535 755 arboris
562 720 683 767 ipsius
711 720 806 754 cinis
835 730 884 754 ex
910 717 1029 754 melle
1056 716 1262 766 rhagadia,
1289 717 1400 753 radix

230 772 505 809 defervefacta
552 774 591 808 in
640 774 730 808 vino
778 771 962 808 dentium
1009 770 1177 807 dolores.
1233 770 1401 807 hiberna

230 826 438 875 caprificus
466 828 506 862 in
529 830 644 861 aceto
673 830 787 861 cocta
816 830 858 861 et
886 827 984 860 trita
1012 827 1255 873 inpetigines
1283 823 1400 860 tollit.

231 879 454 915 inlinuntur
500 884 683 915 ramenta
731 891 751 914 e
798 891 908 914 ramo
954 880 1039 914 sine
1085 880 1232 914 cortice
1279 890 1402 926 quam

232 935 499 969 minutissima
536 932 586 968 ad
624 932 751 968 scobis
788 931 964 968 modum.
1019 930 1204 980 caprifico
1242 943 1402 980 quoque

232 986 455 1023 medicinae
486 988 601 1022 unius
631 985 865 1021 miraculum
896 984 1071 1027 additur,
1100 987 1290 1021 corticem
1320 987 1403 1020 eius

231 1037 603 1076 intumescentem2
648 1052 747 1088 puer
790 1039 962 1087 impubis
1001 1040 1032 1074 si
1070 1037 1251 1074 defracto
1294 1050 1404 1074 ramo

233 1093 424 1130 detrahat
467 1093 671 1135 dentibus,
714 1091 931 1128 medullam
973 1093 1101 1140 ipsam
1144 1091 1404 1141 adalligatam

234 1152 329 1183 ante
377 1146 468 1182 solis
516 1151 649 1182 ortum
696 1145 908 1194 prohibere
956 1150 1141 1181 strumas.
1197 1144 1403 1194 caprificus

234 1206 369 1237 tauros
393 1199 616 1249 quamlibet
639 1198 792 1235 feroces
815 1198 914 1235 collo
938 1211 1075 1235 eorum
1097 1198 1344 1235 circumdata
1365 1201 1405 1234 in

234 1259 395 1291 tantum
442 1252 612 1289 mirabili
660 1258 805 1289 natura
852 1255 1057 1301 conpescit
1104 1257 1149 1288 ut
1195 1251 1404 1288 inmobiles

234 1312 428 1357 praestet.

288 1360 407 1396 LXV.
440 1359 618 1396 Herbam
666 1371 827 1408 quoque
871 1358 1014 1395 Graeci
1055 1358 1224 1395 erinon³
1262 1364 1405 1395 vocant

234 1414 483 1450 reddendam
536 1416 576 1449 in
630 1412 704 1449 hoc
757 1412 842 1449 loco
895 1418 1062 1462 propter
1113 1412 1403 1462 gentilitatem.

234 1467 412 1517 palmum
434 1467 516 1503 alta
537 1472 613 1509 est,
634 1466 837 1503 cauliculis
859 1469 989 1515 quinis
1011 1465 1110 1509 fere,
1131 1468 1246 1502 ocimi
1273 1465 1405 1502 simili-

286 1569 297 1587 1
322 1568 513 1599 inflationes
551 1568 660 1609 plures
691 1568 792 1605 codd„
824 1567 1007 1609 Detlefsen:
1049 1567 1332 1598 inflammationes
1365 1567 1405 1603 E,

237 1611 601 1685 ngilnzfiitimescentem
624 1664 639 1685 e
663 1653 746 1685 coni.
769 1653 886 1689 Hard„
910 1652 1018 1694 Silligy,
1038 1651 1211 1694 Detlefsen,
1232 1652 1403 1693 Mayhoff:

237 1697 517 1738 inpubescentum
531 1698 621 1729 codd.

283 1741 295 1758 ³
319 1742 435 1771 erinon
471 1738 625 1779 Mayhoff
655 1750 693 1770 ex
724 1739 833 1771 Diosc.
863 1738 921 1770 IV.
957 1739 1014 1769 141
1046 1738 1135 1779 [RV]
1169 1737 1401 1779 (li'ellmann):

236 1784 372 1814 erineon
390 1782 586 1814 Hermolaus
603 1782 781 1819 Barbarus,
800 1781 910 1822 plures
926 1781 1007 1819 edd„
1026 1780 1199 1823 Detlefsen.

269 1916 284 1930 ⁶
310 1913 368 1944 Le.
388 1913 445 1943 the
462 1912 578 1943 smoke
597 1922 664 1942 was
681 1911 827 1942 inhaled.

227 1955 399 2040 §soghat
430 1957 467 1992 is,
500 1966 537 1985 as
569 1955 640 1985 well
674 1965 710 1985 as
741 1955 799 1985 the
831 1953 1019 1985 cultivated
1051 1953 1105 1995 fig.
1161 1953 1223 1985 See
1254 1953 1305 1984 for
1335 1953 1403 1985 this

232 2072 301 2108 500
