1469 2299
430 118 624 157 PLINY:
669 120 930 158 NATURAL
965 119 1199 158 HISTORY

225 235 383 259 menses
423 222 595 259 ciendos.
651 222 799 272 pedum
839 222 968 259 clavos
1010 221 1400 272 circumscariphatos

226 283 331 320 ferro
366 286 536 320 mixtum
571 296 686 320 cerae
723 283 910 320 extrahit.
966 286 1118 320 urinam
1155 286 1233 320 ciet
1267 286 1401 320 ciceris

140 349 200 381 102
226 345 502 395 magnitudine
542 345 724 382 dilutum.
782 345 961 381 Andreas
1000 345 1171 395 spondet
1209 347 1401 394 copiosius

143 781 200 813 103

143 1336 202 1367 104

227 412 431 456 sumptum
455 420 528 443 nec
551 406 774 443 inflationes
799 406 929 443 facere
954 412 994 443 et
1018 409 1260 443 concoctioni
1284 407 1399 456 pluri—

227 482 337 504 mum
360 468 540 505 conferre
563 469 724 505 senibus
748 474 789 504 et
813 468 983 511 feminis,
1007 470 1105 505 item
1128 467 1259 505 hieme
1283 482 1401 518 quam

226 535 383 566 aestate
417 530 564 574 utilius,
597 536 639 567 et
670 536 757 566 tum
790 543 935 579 aquam
967 531 1209 566 bibentibus.
1263 543 1402 566 caven—

227 591 323 628 dum
353 604 404 628 ne
434 605 514 641 qua
543 594 594 628 sit
625 591 867 628 exulceratio
898 594 1016 628 intus.
1072 592 1122 628 ab
1152 592 1403 642 aegritudine

230 656 463 690 recreationi
494 654 631 689 efficax
661 656 700 689 in
729 654 830 696 cibo,
860 655 1099 702 tempestive
1130 655 1234 689 enim
1264 653 1403 690 datum

229 717 394 751 cauterii
430 717 506 751 vim
541 718 712 764 optinet,
747 714 922 751 adsuetis
959 717 1080 751 etiam
1116 714 1249 751 utilius
1284 728 1404 764 quarn

227 777 471 825 expertibus.
528 782 667 813 extera
711 789 919 825 corporum
963 776 1209 812 indubitatas
1254 775 1405 812 confes·

228 840 356 874 siones
386 837 550 875 habent.
607 851 761 874 venena
790 838 961 874 telorum
992 843 1033 874 et
1062 840 1308 887 serpentium
1339 851 1405 874 ex-

228 901 377 949 tinguit
394 906 546 949 potum.
603 913 651 936 ex
670 913 774 949 aqua
791 899 1017 936 vulneribus
1034 898 1092 935 his
1109 899 1406 943 circumlinitur,

230 963 480 1010 scorpionum
514 967 674 998 tantum
708 961 833 1011 plagis
868 974 917 997 ex
951 960 1051 1004 oleo,
1086 961 1280 997 ulceribus
1314 974 1406 997 vero

230 1036 308 1059 non
337 1024 701 1060 maturescentibus
731 1036 819 1059 cum
850 1022 976 1059 farina
1005 1021 1216 1059 hordeacia
1243 1022 1305 1059 vel
1334 1022 1406 1059 fico

228 1087 343 1128 sicca,
365 1085 613 1121 carbunculis
635 1099 723 1121 cum
747 1090 837 1121 ruta
858 1084 918 1121 vel
941 1098 1030 1121 cum
1052 1084 1169 1121 melle
1191 1084 1251 1120 vel
1273 1097 1344 1134 per
1364 1097 1406 1120 se

230 1148 332 1182 visco
357 1147 591 1196 superlitum
618 1152 662 1183 ut
687 1146 867 1189 haereat,
892 1148 946 1182 sic
971 1151 1012 1182 et
1037 1145 1087 1182 ad
1111 1148 1217 1182 canis
1242 1159 1406 1190 morsus,

231 1209 553 1245 excrescentibus
570 1211 671 1245 circa
688 1208 825 1244 sedem
841 1221 930 1244 cum
948 1210 1125 1258 tegmine
1141 1208 1155 1231 ¹
1170 1210 1299 1258 punici
1314 1207 1407 1244 mali

230 1282 278 1305 ex
302 1276 417 1307 aceto
439 1270 663 1313 decoctum,
686 1270 803 1306 clavis
827 1272 893 1319 qui
916 1269 1032 1319 volgo
1054 1271 1249 1306 morticini
1273 1269 1407 1319 appel·

229 1330 362 1368 lantur
395 1334 499 1369 nitro
532 1334 671 1368 mixto.
727 1331 923 1381 alopecias
957 1334 1060 1368 nitro
1095 1337 1188 1368 ante
1222 1332 1406 1368 subactas

229 1393 359 1442 replet
380 1407 470 1430 cum
494 1396 582 1430 vino
605 1399 646 1430 et
667 1406 780 1430 croco
803 1399 873 1430 aut
894 1395 1031 1442 pipere
1054 1406 1099 1429 ac
1120 1395 1292 1430 murium
1315 1392 1406 1429 fimo

232 1460 273 1491 et
293 1461 419 1492 aceto.
475 1458 684 1505 perniones
705 1468 754 1492 ex
774 1457 864 1492 vino
883 1454 992 1491 fovet
1013 1460 1054 1491 et
1075 1467 1124 1491 ex
1143 1454 1230 1491 oleo
1249 1459 1406 1491 coctum

277 1541 288 1560 ¹
312 1543 461 1583 tegmine
488 1543 656 1573 Barbarus
681 1553 697 1574 e
722 1541 857 1573 Ηίθεοι
896 1542 1046 1583 germine
1071 1541 1161 1572 codd.
1188 1541 1364 1582 Detlefsen.

279 1649 292 1663 ⁰
317 1645 487 1685 Probably
518 1645 675 1686 meaning
704 1644 886 1681 dissolved‚
915 1655 953 1675 or
981 1647 1018 1675 at
1047 1644 1132 1675 least
1161 1643 1345 1684 dispersed,
1374 1644 1408 1674 in

235 1698 328 1718 some
350 1688 510 1719 medium.

283 1731 294 1749 ὸ
318 1730 373 1765 Or,
396 1730 413 1742 ‘⁴
429 1734 465 1761 at
484 1730 561 1761 that
580 1740 698 1761 season
718 1731 892 1785 (summer)
912 1729 939 1760 it
956 1729 984 1759 is
1004 1728 1121 1764 usefuL
1142 1727 1229 1759 etc.'‘
1277 1728 1406 1759 warm-

238 1773 243 1778 '
379 1786 384 1790 ,
697 1776 718 1789 ‘c
839 1772 846 1783 ³

235 1778 357 1847 ωὲἕῖῗ)
371 1777 527 1857 ῗὲἓῗῗξᾷῗ
541 1777 585 1846 {3²ss
586 1773 820 1851 ῗέξζῖὀηῖἑὲἔῗ
830 1816 856 1846 it
863 1771 1009 1846 ῗῗέᾄῖἰέ
1021 1814 1124 1855 likely
1135 1814 1214 1845 that
1226 1814 1294 1845 this
1307 1814 1408 1845 mss

233 1862 270 1889 to
292 1859 436 1890 absence
459 1860 497 1890 of
516 1858 702 1889 ulceration
726 1858 839 1889 before
861 1858 982 1899 taking
1003 1858 1062 1888 the
1085 1857 1250 1888 medicine
1268 1857 1352 1887 than
1371 1861 1408 1887 to

235 1903 451 1942 precantions
478 1901 612 1942 against
635 1901 673 1937 it,
702 1901 763 1932 but
791 1901 849 1932 the
877 1901 977 1931 Latin
1000 1899 1100 1931 could
1125 1900 1204 1931 bear
1226 1899 1284 1930 the
1306 1899 1409 1931 latter

236 1946 394 1985 meaning
410 1955 446 1975 as
463 1945 537 1975 well
553 1955 600 1980 as,
618 1955 655 1975 or
673 1944 783 1975 better
799 1943 895 1979 than,
912 1943 970 1974 the
987 1942 1095 1974 other.

278 1986 292 2005 ‘¹
315 1987 540 2028 Apparently,
561 1998 624 2018 one
643 1987 722 2018 that
742 1997 862 2018 warms
881 1986 950 2017 and
969 1986 1068 2017 dries.

233 2048 303 2096 366
