1469 2299
95 461 133 490 37

95 887 135 915 38

96 1260 136 1289 39

367 85 533 122 PLINY
547 99 555 121 z
599 84 860 122 NATURAL
896 80 1125 121 HISTORY

162 191 324 238 nigrius,
371 187 570 223 Creticum
617 186 934 222 odoratissimum
981 187 1168 221 omnium.
1223 184 1335 220 radix

162 241 320 278 iucundi
341 241 469 277 odoris
490 246 562 276 est.
617 252 755 276 semen
775 251 860 275 esse
881 244 923 275 et
942 238 1117 275 vultures
1137 238 1334 275 dicuntur.

162 295 325 344 prodest
352 293 499 330 homini
528 293 578 329 ad
605 295 745 329 tussim
772 298 965 335 veterem,
993 297 1123 340 rupta,
1153 290 1338 328 convulsa

162 351 201 384 in
222 350 311 383 vino
333 347 422 383 albo
444 352 597 396 potum,
618 349 716 382 item
737 344 1036 395 opisthotonicis
1059 350 1101 381 et
1120 347 1337 381 iocinerum

163 404 265 437 vitiis
287 405 329 436 et
348 401 582 436 torminibus
604 405 646 436 et
666 401 915 449 stranguriae
936 398 1105 435 duarum
1126 404 1196 434 aut
1215 400 1337 434 trium

162 453 399 503 lingularum
431 466 627 489 mensura.
682 458 776 489 sunt
807 457 848 488 et
878 451 971 488 folia
1002 451 1127 494 utilia,
1158 456 1203 487 ut
1234 463 1336 500 quae

162 513 298 556 partus
329 507 519 543 adiuvent
553 509 674 542 etiam
704 505 1007 555 quadripedum.
1062 504 1135 540 hoc
1164 507 1337 540 maxime

163 563 267 610 pasci
295 560 480 596 dicuntur
507 572 646 596 cervae
673 562 887 608 pariturae.
942 558 1161 594 inlinuntur
1188 563 1229 593 et
1256 560 1336 607 igni

162 627 285 656 sacro,
327 613 577 662 multumque
618 615 657 648 in
697 626 850 649 summo
890 612 977 648 cibo
1018 612 1336 647 concoctionibus

162 666 330 709 confert,
354 666 415 703 vel
441 666 533 702 folio
557 666 619 702 vel
644 668 807 702 semine.
863 665 1154 714 quadripedum
1179 677 1337 713 quoque

163 721 293 757 aivum
312 722 415 756 sistit
433 722 514 756 sive
533 722 672 756 tritum
691 722 802 768 potui
821 718 994 755 infusum
1012 721 1093 754 sive
1111 717 1338 754 mandendo

163 773 548 810 commanducatum.
605 785 626 808 e
650 773 731 809 sale
755 773 874 809 boum
899 772 1044 808 morbis
1068 771 1253 808 medetur
1275 771 1337 807 vel

163 831 191 863 si
219 829 359 863 tritum
384 826 636 862 infunditur.¹

214 880 322 916 XIX.
354 879 467 916 Inuia
483 893 640 929 quoque
657 892 679 915 a
694 881 834 915 ieiunis
850 877 1180 915 commanducata
1195 877 1337 914 dentes

163 934 381 969 confirmat.
422 936 451 969 si
470 939 584 969 eruta
601 938 675 975 est,
692 938 736 969 ut
751 933 765 956 2
780 938 928 968 terram
943 945 1021 968 non
1035 931 1233 981 adtingat,
1248 943 1337 967 con-

162 987 246 1023 dita
282 989 421 1023 tussim
458 986 660 1028 emendat,
694 986 834 1022 radicis
870 998 962 1022 vero
998 985 1188 1021 decoctae
1223 998 1338 1021 sucus

162 1042 316 1076 taenias
343 1039 468 1089 pellit,
494 1042 664 1076 siccatae
691 1046 828 1076 autem
853 1041 893 1075 in
919 1039 1059 1075 umbra
1084 1037 1211 1074 farina
1238 1041 1336 1075 tussi

164 1099 205 1130 et
244 1093 436 1130 convulsis
477 1099 519 1129 et
557 1093 825 1129 inflationibus
866 1098 907 1129 et
946 1094 1100 1129 arteriis
1139 1091 1335 1128 medetur.

163 1152 451 1183 venenatorum
468 1160 619 1183 morsus
638 1147 774 1196 abigit.
830 1145 923 1182 folia
941 1159 989 1182 ex
1007 1148 1096 1182 vino
1113 1145 1337 1182 lumborum

164 1201 286 1237 dolori
306 1200 537 1237 inlinuntur.

214 1253 302 1289 XX.
333 1253 467 1302 Cepae
498 1254 697 1291 silvestres
732 1266 807 1289 non
839 1259 943 1290 sunt.
1010 1255 1161 1289 sativae
1190 1251 1340 1289 olfactu

163 1309 246 1355 ipso
268 1313 309 1343 et
329 1307 655 1344 delacrimatione
676 1307 833 1356 caligini
854 1306 1079 1349 medentur,
1100 1308 1225 1355 magis
1245 1318 1338 1342 vero

163 1363 243 1396 suci
269 1363 509 1397 inunctione.
564 1374 745 1397 somnum
771 1363 892 1396 etiam
912 1359 1042 1396 facere
1066 1359 1278 1396 traduntur
1298 1365 1339 1395 et

163 1413 295 1449 ulcera
331 1416 406 1450 oris
441 1427 581 1451 sanare
619 1414 972 1450 commanducatae
1014 1426 1102 1449 cum
1140 1425 1258 1461 pane,
1296 1418 1338 1448 et

162 1469 268 1503 canis
292 1480 442 1505 morsus
472 1467 615 1504 virides
646 1480 694 1503 ex
717 1473 832 1503 aceto
861 1466 1000 1503 inlitae
1029 1472 1097 1502 aut
1126 1468 1227 1503 sicca
1249 1479 1337 1502 cum

162 1521 305 1556 melle3
339 1526 380 1557 et
409 1523 511 1565 vino,
533 1523 590 1557 ita
619 1526 662 1557 ut
692 1526 781 1569 post
801 1520 907 1557 diem
936 1522 1101 1556 tertium
1124 1519 1335 1556 solvantur.

161 1576 215 1610 sic
246 1579 287 1610 et
316 1577 413 1610 trita
441 1579 597 1611 sanant.
652 1579 806 1610 coctam
835 1575 876 1609 in
905 1575 1036 1609 cinere
1067 1578 1108 1608 et
1139 1571 1336 1621 epiphoris

212 1645 221 1662 ¹
247 1644 527 1674 commendatum
551 1643 631 1674 sale.
661 1643 764 1674 boum
786 1643 913 1674 morbis
933 1643 980 1673 sic
1001 1642 1124 1673 tritum
1145 1641 1338 1672 infunditur

168 1687 330 1727 filczgshoff.

211 1729 223 1747 ²
247 1730 272 1759 si
295 1733 393 1760 eruta
414 1732 477 1765 est,
496 1733 535 1760 ut
556 1728 743 1769 Dellefsen:
773 1728 812 1765 si,
830 1732 869 1759 ut
886 1731 985 1758 eruta
1001 1732 1053 1758 est.
1075 1727 1238 1767 Mayhoff,
1256 1727 1282 1757 si
1300 1731 1337 1757 ut

165 1774 262 1801 eruta
279 1775 331 1802 est
348 1775 382 1802 et
398 1772 485 1803 codd.

210 1816 222 1833 ³
246 1815 324 1846 Post
351 1825 428 1845 cum
456 1814 554 1845 melle
581 1814 738 1844 lacunam
764 1824 831 1845 esse
858 1818 951 1853 putat
969 1812 1131 1853 Mayhoff.

171 1874 185 1876 —
204 1891 217 1904 ⁰
244 1887 336 1917 With
362 1887 543 1927 Mayhoff’s
563 1886 725 1927 reading:
762 1887 834 1916 “or
854 1885 1030 1916 flavoured
1052 1885 1133 1916 with
1154 1885 1220 1915 salt
1243 1885 1336 1915 when

161 1930 242 1969 they
262 1935 318 1960 eat
338 1931 374 1960 it.
422 1930 465 1960 So
485 1929 645 1970 pounded
665 1930 692 1959 it
712 1930 738 1959 is
755 1927 901 1967 injected
918 1928 969 1959 for
985 1929 1131 1959 diseases
1147 1928 1185 1958 of
1197 1928 1336 1959 cattle.’'

164 1972 361 2013 Infzzmlitur
379 1982 458 2011 may
475 1981 584 2007 mean,
606 1972 664 2002 “is
681 1971 794 2001 mixed
812 1970 893 2001 with
911 1970 1001 2001 their
1017 1970 1151 2001 d1·ink.''

164 2028 207 2060 24
