1469 2299
137 250 198 281 150

142 783 199 814 151

422 141 615 178 PLINY:
661 139 922 176 NATURAL
956 138 1190 176 HISTORY

279 242 506 280 LXXVIII.
538 241 669 278 Nuces
736 241 944 278 abellanae
1009 243 1150 290 capitis
1215 240 1391 277 dolorem

226 296 379 333 faciunt
418 301 461 332 et
506 294 755 332 inflationem
801 293 1010 337 stomachi,
1048 296 1199 343 corpori
1214 290 1228 315 ¹
1269 296 1391 330 etiam

227 349 519 400 pinguitudinis
532 349 547 372 2
568 348 780 385 conferunt
800 348 887 397 plus
909 360 1029 397 quam
1049 347 1128 383 sit²3
1147 346 1391 383 verisimile.4

228 409 361 440 tostae
382 408 424 440 et
443 402 702 439 destillationi
724 401 952 444 medentur,
968 403 1066 437 tussi
1087 413 1247 450 quoque
1267 403 1393 436 veteri

228 460 349 493 tritae
369 459 409 492 in
429 468 533 505 aqua
552 455 679 492 mulsa
700 460 833 504 potae.
890 454 1052 504 quidam
1073 454 1250 490 adiciunt
1269 467 1394 503 grana

226 512 387 559 piperis,
415 509 479 545 alii
508 522 530 545 e
562 521 678 558 passo
705 508 861 545 bibunt.
916 510 1084 557 pistacia
1112 507 1274 543 eosdem
1301 520 1393 543 usus

227 563 380 599 habent
403 576 501 612 quos
524 562 654 598 nuclei
678 564 784 611 pinei
808 566 1050 610 praeterque
1074 560 1124 597 ad
1147 563 1395 609 serpentium

227 620 343 660 ictus,
366 619 448 652 sive
479 615 651 652 edantur
679 618 761 652 sive
784 615 985 651 bibantur.
1040 620 1254 650 castaneae
1277 613 1395 650 vehe-

228 676 386 706 menter
406 672 553 706 sistunt
573 667 767 706 stomachi
789 674 830 704 et
850 670 999 704 ventris
1020 667 1242 711 fluctiones,
1264 667 1395 703 alvum

230 727 351 767 cient,
365 725 602 772 sanguinem
620 722 901 759 excreantibus
918 726 1099 770 prosunt,
1112 733 1250 757 carnes
1267 720 1391 757 alunt.

284 776 468 813 LXXIX.
499 775 674 825 Siliquae
733 780 916 811 recentes
974 773 1179 811 stomacho
1236 774 1396 810 inutiles

231 830 363 866 alvum
376 830 547 866 solvunt.
580 829 748 866 eaedem
762 831 934 865 siccatae
948 830 1095 864 sistunt
1109 827 1396 876 stomachoque

229 884 407 920 utiliores
446 883 561 926 fiunt,
597 885 751 918 urinam
789 884 909 918 cient.
966 880 1146 931 Syriacas
1184 883 1224 917 in
1261 880 1396 917 dolore

230 936 424 973 stomachi
475 942 610 973 ternas
663 938 702 971 in
753 948 881 984 aquae
932 937 1116 971 sextariis
1166 934 1396 983 decoquunt

233 991 394 1039 quidam
417 989 467 1025 ad
486 989 695 1026 dimidium
717 1001 891 1037 eumque
910 1001 1048 1024 sucum
1066 988 1223 1024 bibunt.
1279 987 1399 1024 sudor

232 1047 367 1094 virgae
388 1046 495 1079 corni
514 1044 663 1079 arboris
684 1043 816 1079 lamna
835 1042 1035 1078 candente
1056 1041 1185 1077 ferrea
1206 1047 1398 1090 exceptus

233 1111 311 1134 non
332 1099 595 1146 contingente
617 1096 724 1146 ligno
746 1095 941 1144 inlitaque
962 1095 1055 1132 inde
1076 1094 1237 1144 ferrugo
1264 1097 1398 1143 incipi-

233 1157 347 1187 entes
370 1149 544 1186 lichenas
569 1155 697 1186 sanat.
753 1150 919 1185 arbutus
949 1151 1031 1185 sive
1062 1148 1194 1184 unedo
1224 1147 1398 1184 fructum

233 1204 312 1241 fert
333 1204 531 1240 difficilem
552 1205 797 1240 concoctioni
820 1208 862 1239 et
883 1201 1088 1239 stomacho
1109 1201 1304 1238 inutilem.

286 1257 447 1294 LXXX.
481 1257 633 1293 Laurus
657 1256 981 1293 excalfactoriam
1003 1261 1189 1292 naturam
1211 1254 1336 1291 habet
1358 1260 1400 1291 et

234 1311 335 1347 foliis
363 1316 404 1347 et
429 1314 575 1347 cortice
602 1316 643 1347 et
667 1311 797 1353 bacis3
821 1309 989 1358 itaque⁵
1013 1309 1224 1345 decoctum
1251 1321 1300 1345 ex
1327 1307 1400 1352 his,

233 1367 407 1401 maxime
436 1364 570 1407 foliis,⁶
595 1363 784 1413 prodesse
812 1363 933 1399 volvis
963 1368 1005 1399 et
1033 1365 1170 1399 vesicis
1198 1364 1397 1399 convenit.

279 1450 289 1468 ¹
316 1451 446 1490 corpori
463 1450 551 1481 codd.
569 1462 575 1480 :
607 1450 754 1490 corporis
772 1447 942 1490 Dellessen.

279 1492 291 1511 ²
318 1493 564 1533 pinguitudinis
583 1491 757 1532 Maylzoff:
788 1491 1017 1532 pinguitudini
1034 1491 1134 1528 codd„
1152 1491 1324 1533 Detlefsen.

281 1536 294 1555 ³
318 1537 362 1567 sit
379 1536 440 1571 dT,
462 1535 634 1575 Mayhosf:
665 1539 745 1566 sunt
763 1535 789 1565 V
808 1547 814 1565 :
845 1545 906 1566 om.
925 1534 964 1571 E,
984 1533 1155 1576 Deilefsen.

280 1579 293 1597 ⁴¹
318 1580 381 1610 Hic
395 1578 469 1609 add.
483 1582 534 1609 set
548 1578 716 1618 Mayhoff:
741 1588 776 1608 es
788 1578 836 1609 V:
861 1582 912 1608 est
928 1577 1067 1613 Urlichs,
1080 1576 1259 1618 Detlefsen:
1284 1587 1345 1608 om.
1361 1575 1399 1608 E.

281 1621 293 1639 ⁵
318 1623 433 1662 itaque
465 1621 547 1661 vulq.
583 1621 753 1661 JIayIzoff:
786 1622 936 1660 itemque
963 1621 1063 1657 codd„
1092 1619 1199 1660 Silliq,
1227 1619 1400 1662 Deilefsen.

238 1665 350 1696 Diosc.
369 1665 410 1704 (I.
429 1666 480 1700 78,
499 1663 724 1702 Wellmann):
751 1663 824 1695 ὅθεν
840 1663 877 1695 τὸ
894 1663 1046 1703 ἀφέψημα
1069 1662 1175 1694 αὐτῶν
1192 1662 1236 1697 εἰς
1253 1662 1400 1703 ἐγκαθίσ-

236 1721 322 1748 ματα
338 1710 407 1741 ταῖς
425 1706 493 1747 περὶ
513 1707 622 1738 κύστιν
640 1706 693 1737 καὶ
708 1705 832 1746 μήτραν
849 1705 981 1746 ἁρμόζει
997 1705 1165 1737 διαθέσεσι.

281 1751 294 1769 ⁶
319 1751 466 1781 maxime
505 1749 592 1780 foliis
631 1749 658 1780 E
699 1748 806 1790 Silligy,
839 1748 1022 1790 Dellefsen:
1066 1749 1280 1788 maximeque
1311 1747 1399 1779 foliis

240 1793 396 1833 Mazstzoff
407 1803 414 1821 x
447 1793 595 1824 maxime
625 1791 780 1832 foliisque
808 1791 871 1823 Vd.
919 1792 1069 1823 Fortasse
1098 1791 1215 1823 excidi*
1237 1802 1256 1822 e
1279 1791 1402 1822 cortice

236 1841 309 1867 ante
326 1836 490 1876 foliisque.

272 1937 286 1952 ⁰
310 1933 344 1964 It
365 1933 392 1964 is
414 1932 557 1963 difficult
578 1935 615 1963 to
637 1931 799 1963 reconcile
821 1930 939 1963 sistunt
961 1930 1116 1962 stomachi
1136 1936 1163 1962 et
1185 1930 1303 1962 ventris
1318 1930 1400 1971 fluc-

231 1976 332 2008 tione-s*
355 1976 422 2006 and
445 1975 555 2006 alvum
577 1975 670 2006 cient.
719 1974 867 2014 Perhaps
885 1974 943 2004 the
960 1974 1084 2005 former
1101 1974 1202 2005 refers
1220 1977 1257 2004 to
1275 1974 1402 2005 violent

231 2019 407 2050 diarrhoea
423 2018 490 2049 and
508 2018 565 2050 the
582 2018 683 2049 latter
700 2021 735 2048 to
752 2017 892 2055 healthy
909 2018 1022 2048 aetion
1039 2017 1077 2048 of
1089 2016 1147 2048 the
1164 2016 1298 2048 bowels.

237 2081 304 2128 516
