1469 2299
113 204 155 234 94

115 634 155 662 95

114 1060 155 1091 96

383 95 579 133 PLINY:
623 97 885 134 NATURAL
917 97 1150 135 HISTORY

234 197 337 234 LVI.
369 198 548 235 Carduus
567 203 609 235 et
629 197 722 234 folia
741 205 783 235 et
802 199 934 235 caules
954 202 1136 248 spinosae
1158 200 1351 247 lanuginis

182 250 319 294 habet,
346 254 443 288 item
472 265 628 295 acorna,
655 252 950 295 leucacanthos,
977 252 1170 296 chalceos,
1198 267 1352 294 cnecos,

182 304 482 354 polyacanthos‚
524 318 743 355 onopyxos,
786 305 959 349 helxine,
1002 307 1207 357 scolymos.
1263 307 1353 343 cha—

181 358 363 395 maeleon
403 361 442 394 in
471 358 572 395 foliis
612 372 690 395 non
730 358 854 395 habet
888 359 1056 396 aculeos.
1113 366 1174 396 est
1209 366 1250 396 et
1290 360 1354 396 illa

182 410 407 448 differentia
435 412 541 461 quod
570 412 769 461 quaedam
798 415 838 448 in
865 411 924 449 his
953 413 1199 449 multicaulia
1228 427 1353 450 ramo-

182 478 305 514 saque
319 471 426 508 sunt,
441 471 486 502 ut
499 466 682 509 carduus,
697 479 775 502 uno
789 472 925 502 autem
940 466 1052 502 caule
1067 479 1139 503 nec
1154 480 1353 503 ramosum

182 532 334 555 cnecos.
390 518 588 568 quaedam
623 522 828 556 cacumine
861 525 1021 555 tantum
1057 523 1213 569 spinosa
1248 526 1354 563 sunt,

184 578 228 608 ut
265 585 428 622 erynge.
484 572 682 622 quaedam
722 578 878 609 aestate
916 572 1073 616 florent,
1111 580 1155 610 ut
1192 573 1354 610 tetralix

183 631 225 662 et
262 625 434 662 helxine.
489 626 683 676 scolymos
721 639 880 676 quoque
918 639 1006 663 sero
1043 626 1157 663 floret
1196 632 1236 663 et
1274 627 1353 663 diu.

181 692 325 715 acorna
338 680 351 702 ¹
373 679 502 716 colore
523 685 682 716 tantum
700 679 788 717 rufo
807 680 1068 730 distinguitur
1084 686 1124 716 et
1146 683 1353 730 pinguiore

182 746 287 768 suco.
342 733 449 769 idem
483 738 569 769 erat
602 733 807 783 atractylis
841 746 1014 783 quoque,
1048 736 1119 770 nisi
1153 733 1356 770 candidior

183 792 288 822 esset
321 792 362 822 et
393 788 465 822 nisi
497 789 761 836 sanguineum
793 800 929 823 sucum
963 786 1164 829 funderet,
1196 800 1274 836 qua
1305 787 1355 823 de

182 853 300 875 causa
337 839 488 889 phonos
525 846 689 877 vocatur
725 854 748 876 a
785 841 1038 890 quibusdam,
1075 841 1195 877 odore
1234 843 1354 877 etiam

181 896 325 943 gravis,
353 907 440 930 sero
468 899 766 930 maturescente
795 897 946 930 semine
974 907 1047 930 nec
1075 900 1169 930 ante
1198 900 1353 930 autum-

182 960 291 989 num,
314 960 556 996 quamquam
579 947 619 984 id
641 947 692 984 de
714 948 897 984 omnibus
919 950 1085 996 spinosis
1107 948 1181 984 dici
1207 953 1352 996 potest.

182 1013 319 1037 verum
339 1004 471 1037 omnia
489 1000 588 1037 haec
608 1007 648 1037 et
667 1004 820 1037 semine
840 1007 881 1037 et
901 1001 1033 1037 radice
1052 1003 1156 1037 nasci
1178 1007 1354 1050 possunt.

182 1054 379 1104 scolymus
397 1054 633 1091 carduorum
652 1057 810 1104 generis
830 1055 880 1091 ab
899 1053 957 1091 his
976 1055 1100 1091 distat
1119 1055 1225 1104 quod
1244 1054 1355 1091 radix

183 1110 266 1144 eius
290 1108 487 1144 vescendo
512 1114 573 1144 est
596 1108 775 1144 decocta.
831 1110 974 1144 mirum
999 1108 1105 1157 quod
1129 1111 1212 1144 sine
1236 1111 1357 1144 inter-

183 1161 284 1197 vallo
314 1167 403 1198 tota
433 1167 590 1198 aestate
622 1161 730 1198 aliud
761 1161 876 1198 floret
907 1164 945 1197 in
979 1174 1025 1198 eo
1056 1174 1218 1211 genere,
1250 1161 1356 1198 aliud

182 1218 368 1264 concipit,
391 1215 496 1251 aliud
520 1218 705 1265 parturit.
761 1215 885 1252 aculei
911 1221 1117 1251 arescente
1141 1214 1234 1252 folio
1256 1215 1356 1251 desi—

183 1274 283 1305 nunt
327 1282 519 1318 pungere.
574 1268 736 1305 helxine
778 1282 867 1305 rara
910 1271 993 1305 visu
1039 1274 1100 1305 est
1144 1281 1274 1318 neque
1318 1271 1357 1304 in

183 1323 365 1359 omnibus
386 1325 516 1366 terris,
537 1335 561 1358 a
580 1322 713 1359 radice
735 1321 887 1365 foliosa,
910 1335 959 1358 ex
981 1336 1060 1372 qua
1080 1322 1213 1359 media
1235 1322 1356 1358 veluti

182 1376 329 1412 malum
378 1377 595 1413 extuberat
639 1381 871 1413 contectum
917 1389 988 1413 sua
1034 1375 1186 1413 fronde.
1242 1375 1357 1412 huius

188 1489 245 1564 Ml
266 1490 347 1574 {3}qu
367 1500 492 1521 acorna
512 1491 588 1522 add.
610 1501 631 1521 a
651 1500 754 1521 cneco
775 1501 813 1521 ex
835 1490 1057 1530 Theophrasto
1079 1489 1181 1528 (H.P.
1200 1489 1258 1520 VI.
1275 1491 1307 1526 4,
1324 1491 1358 1529 6)

228 1543 271 1573 ay
343 1557 350 1564 .

227 1668 240 1682 ‘¹
263 1663 446 1704 Mayhofl's
469 1663 638 1700 addition,
663 1663 692 1694 if
712 1667 774 1694 not
798 1674 818 1693 a
842 1666 920 1704 part
945 1662 984 1693 of
1003 1662 1062 1693 the
1086 1666 1174 1699 text,
1200 1666 1293 1693 must
1318 1662 1358 1692 be

181 1706 401 1737 understood.

230 1749 243 1769 ⁶
266 1750 286 1762 “
301 1749 389 1780 Gore
404 1749 424 1761 ''
445 1759 483 1779 or
505 1749 524 1761 ‘⁴
540 1748 764 1779 bloodshed.'’

225 1792 513 1833 'Theophrastus
550 1792 611 1822 has
650 1791 723 1831 (VI.
757 1793 788 1828 4,
823 1792 856 1831 6)
893 1791 958 1830 ἔχει
994 1789 1030 1821 δὲ
1065 1791 1119 1822 καὶ
1155 1789 1215 1829 τὴν
1253 1789 1357 1830 ὀσμὴν

183 1834 290 1875 δεινὴν
320 1834 374 1865 καὶ
399 1834 541 1874 φονώδη.
589 1834 707 1866 Gravis
734 1833 904 1864 therefore
931 1834 959 1864 is
987 1837 1048 1864 not
1079 1832 1263 1874 “strong’'
1296 1833 1358 1863 but

185 1879 204 1891 “
219 1877 326 1908 foul.'’

227 1920 240 1939 ‘¹
262 1920 519 1961 Theophrastus
551 1919 624 1959 (VI.
657 1921 690 1956 4,
723 1920 757 1960 8)
787 1929 867 1960 says
898 1918 967 1950 this
999 1918 1038 1949 of
1065 1918 1124 1949 the
1155 1917 1359 1949 sow-thistle

182 1962 340 2003 (σόγκος).

185 2040 255 2076 230
