1469 2299
418 129 612 167 PLINY:
659 129 920 166 NATURAL
955 127 1188 166 HISTORY

132 239 191 270 102
218 234 331 270 dunt.
389 245 492 282 quae
513 245 562 268 ex
584 232 642 268 his
663 232 786 268 cruda
808 234 847 267 in
867 231 986 267 melle
1006 231 1234 268 conduntur
1257 230 1389 267 alvum

220 292 394 323 movent.
452 286 580 322 mellis
606 291 743 321 autem
771 287 960 321 suavitati
993 285 1163 320 multum
1197 283 1393 326 adiciunt,

220 339 508 388 stomachoque
556 339 690 375 utilius
738 338 777 375 id
825 337 989 374 faciunt.
1057 350 1160 387 quae
1209 351 1302 373 vero
1353 339 1392 372 in

220 394 338 430 melle
374 399 488 429 cocta
523 392 750 428 conduntur
787 391 949 440 quidam
987 390 1036 427 ad
1067 390 1261 427 stomachi
1293 392 1393 426 vitia

220 449 315 483 trita
338 460 426 482 cum
449 459 560 482 rosae
582 445 683 481 foliis
705 445 880 481 decoctis
901 445 1001 481 dant
1029 457 1100 493 pro
1120 445 1220 480 cibo.
1277 457 1395 479 sucus

221 500 434 536 crudorum
466 499 650 541 lienibus,
673 498 957 547 orthopnoicis,
979 497 1207 547 hydropicis
1230 497 1397 546 prodest

223 557 319 590 item
367 555 563 596 mammis,
609 551 915 602 condylomatis,
961 551 1179 594 varicibus;
1238 550 1309 587 flos
1355 555 1397 586 et

223 607 355 643 viridis
380 612 421 643 et
443 609 568 642 siccus
591 605 973 641 inflammationibus
996 604 1214 647 oculorum,
1237 616 1398 640 excrea-

134 667 194 697 103
224 661 400 696 tionibus
451 662 670 709 sanguinis,
721 659 926 695 mensibus
976 658 1202 694 mulierum.
1259 657 1305 693 fit
1355 661 1398 693 et

223 727 339 750 sucus
376 726 425 749 ex
463 712 563 749 illis1
601 715 708 749 mitis
744 725 835 748 cum
870 714 962 748 vino
997 711 1100 748 dulci
1138 713 1252 754 tusis,
1290 710 1397 746 utilis

224 767 406 804 coeliacis
467 772 510 803 et
570 768 744 802 iocineri.
815 765 983 802 decocto
1043 777 1204 814 quoque
1261 777 1397 800 eorum

225 820 425 863 foventur,
453 822 484 857 si
513 819 737 869 procidant,
765 819 907 855 vulvae
936 824 978 855 et
1005 820 1227 854 interanea.
1284 817 1329 853 fit
1358 822 1399 853 et

225 875 357 910 oleum
390 887 437 910 ex
471 876 515 910 iis
547 873 654 922 quod
684 872 877 908 melinum
907 874 1149 913 vocavimus,
1181 869 1399 920 quotiens²

224 941 302 964 non
324 927 474 964 fuerint
494 929 533 963 in
555 926 698 963 umidis
719 931 827 962 nata.
883 925 974 962 ideo
995 925 1204 961 utilissima
1225 937 1328 973 quae
1351 936 1398 960 ex

225 981 357 1018 Sicilia
408 983 588 1023 veniunt,
635 982 766 1016 minus
817 979 931 1015 utilia
981 978 1167 1021 struthia,
1219 979 1399 1026 quamvis

225 1040 411 1084 cognata,
468 1034 579 1070 radix
620 1046 757 1070 eorum
796 1034 1095 1081 circumscripta
1133 1037 1241 1067 terra
1279 1044 1400 1067 manu

227 1091 387 1124 sinistra
421 1090 593 1137 capitur,
623 1089 680 1123 ita
715 1092 761 1123 ut
796 1089 862 1136 qui
899 1086 938 1122 id
975 1085 1098 1121 faciet
1132 1085 1241 1121 dicat
1276 1096 1400 1133 quare

227 1144 359 1190 capiat
414 1147 456 1178 et
507 1143 619 1177 cuius
671 1153 802 1176 causa.
859 1142 913 1176 sic
966 1139 1185 1189 adalligata
1237 1139 1398 1174 strumis

228 1195 427 1231 medetur.

139 1254 200 1285 104
280 1248 360 1285 LV.
394 1247 601 1284 Melimela
637 1252 678 1283 et
715 1246 867 1296 reliqua
902 1246 1034 1282 dulcia
1070 1243 1321 1282 stomachum
1357 1249 1399 1281 et

228 1308 411 1338 ventrem
449 1301 621 1343 solvunt,
659 1300 875 1343 siticulosa,
913 1305 1114 1342 aestuosa,
1151 1298 1222 1335 sed
1258 1311 1399 1334 nervos

230 1369 307 1391 non
321 1355 499 1392 laedunt.
549 1354 771 1391 orbiculata
784 1356 933 1390 sistunt
946 1353 1077 1389 alvum
1094 1358 1134 1388 et
1149 1354 1399 1394 vomitiones,

230 1412 361 1445 urinas
401 1411 520 1445 cient.
576 1408 773 1444 silvestria
812 1407 917 1443 mala
955 1406 1099 1443 similia
1137 1411 1231 1442 sunt
1270 1407 1399 1441 vernis

230 1463 381 1498 acerbis
406 1462 619 1511 alvumque
642 1464 803 1504 sistunt,
827 1473 922 1497 sane
946 1462 986 1496 in
1008 1459 1113 1496 hunc
1137 1468 1253 1496 usum
1276 1461 1399 1494 inma-

230 1522 320 1552 tura
340 1529 439 1565 opus
460 1520 565 1552 sunt.

276 1601 287 1620 ¹
312 1611 353 1632 ex
377 1601 442 1631 illis
466 1600 573 1641 Silliq,
600 1601 774 1641 Dellessen,
794 1599 970 1639 Maykoff:
998 1609 1040 1630 ex
1062 1598 1138 1635 iliis,
1157 1597 1264 1634 exilis,
1287 1607 1329 1628 ex
1353 1596 1402 1628 his

231 1644 471 1727 wid—quotiens
487 1698 493 1717 ε
525 1686 580 1717 hoc
598 1686 663 1718 loco
680 1685 834 1717 lacunam
850 1685 959 1726 posuit
978 1683 1140 1724 Maylwff.

266 1787 279 1802 ‘¹
303 1783 394 1820 This,
413 1787 474 1814 not
492 1782 616 1823 merely
637 1783 656 1794 ‘⁴
671 1786 774 1813 sweet,
790 1781 809 1794 ”
829 1781 973 1822 (dulcis),
991 1791 1098 1812 seems
1116 1786 1153 1812 to
1172 1779 1212 1811 be
1229 1779 1288 1810 the
1307 1779 1403 1810 usual

224 1826 572 1909 mzaxssietssgssiffagif’l
582 1830 618 1856 at
635 1835 703 1866 any
721 1828 793 1856 rate
809 1825 843 1856 in
860 1824 969 1865 Pliny.
1017 1823 1067 1856 Cf.
1082 1823 1236 1855 suaviora
1250 1824 1282 1853 in
1298 1822 1314 1863 ξ
1331 1823 1401 1854 100.

268 1918 278 1930 ⁶
301 1888 372 1943 :she
397 1894 517 1942 lacuiia
543 1893 620 1942 th'at
645 1910 798 1952 Mayhoff
823 1910 953 1941 detects
979 1910 1056 1941 here
1081 1909 1122 1940 he
1147 1908 1258 1939 would
1283 1907 1332 1939 fill
1356 1918 1403 1948 up

226 1955 326 1994 (from
360 1954 586 1993 Dioscorides)
620 1954 700 1985 thus
716 1966 723 1984 :
770 1954 917 1994 quotiens
949 1952 1088 1993 astrinqi
1120 1963 1203 1992 opus
1235 1951 1289 1988 sit,
1323 1961 1403 1982 usus

225 1997 348 2038 maqni,
364 1997 528 2039 eliquatur
543 2007 645 2038 parva
661 2001 688 2029 εί
704 1996 843 2028 rotunda
858 1997 1050 2036 odorataque
1065 2000 1093 2027 et
1108 2005 1198 2035 quae..

229 2052 298 2096 482
