1469 2299
412 143 605 181 PLINYx
652 143 912 181 NATURAL
945 144 1178 181 HISTORY

201 247 275 282 cibi
294 245 406 289 fiant,
423 252 465 283 at
482 259 530 282 ex
547 259 611 282 me
630 253 769 295 parata
787 249 934 290 omnia,
951 259 1023 283 nec
1039 260 1133 283 cura
1148 246 1379 290 labomnda,

201 311 270 347 sed
303 323 390 347 sese
423 313 670 360 porrigentia
703 310 807 347 ultro
841 316 895 353 et,
928 313 958 347 si
992 313 1130 360 pigeat
1163 314 1380 361 attingere,

202 377 324 411 etiam
370 374 570 411 cadentia.
645 377 816 411 certavit
875 377 958 424 ipsa
1017 388 1152 411 secum
1210 375 1380 425 plusque

201 439 389 475 utilitatis
414 452 534 475 causa
557 441 700 488 genuit
726 441 849 475 etiam
876 452 996 488 quam
1021 439 1252 488 voluptatis.

163 509 181 538 3
257 503 331 539 ΙΙΙ.
365 503 472 539 Folia
524 505 663 539 vitium
716 509 758 540 et
808 505 985 552 pampini
1034 506 1177 552 capitis
1226 503 1380 540 dolores

202 566 622 616 inflammationesque
644 580 853 616 corporum
876 569 1069 617 mitigant
1092 581 1182 604 cum
1204 567 1381 617 polenta,

203 631 294 667 folia
322 645 392 681 per
419 644 460 667 se
488 631 649 667 ardores
676 631 871 668 stomachi
900 644 948 667 ex
976 645 1081 681 aqua
1107 631 1266 681 frigida‚
1292 646 1381 669 curn

202 695 329 731 farina
372 709 464 732 vero
505 695 642 748 hordei
687 695 935 732 articularios
976 696 1147 732 morbos.
1204 699 1379 746 pampini

205 762 288 796 triti
329 765 370 796 et
409 761 570 809 inpositi
613 765 813 796 tumorem
853 773 1013 796 omnem
1063 762 1228 803 siccant,
1266 774 1382 797 sucus

205 837 342 860 eorum
407 824 663 873 dysintericis
729 823 883 860 infusus
946 824 1148 860 medetur.
1221 823 1382 861 lacrima

204 890 357 931 vitium,
377 901 481 937 quae
501 887 624 924 veluti
645 890 818 937 gummis
839 893 915 931 est,
934 887 1065 937 lepras
1085 893 1128 924 et
1146 887 1322 925 lichenas
1341 895 1382 926 et

204 965 338 1001 psoras
371 955 476 988 nitro
509 957 605 988 ante
638 957 899 1001 praeparatas
932 957 1060 988 sanat.
1118 952 1261 988 eadem
1292 966 1382 989 cum

201 1016 289 1052 oleo
329 1018 488 1065 saepius
529 1015 617 1065 pilis
656 1016 780 1052 inlitis
821 1015 974 1065 psilotri
1016 1015 1204 1052 effectum
1243 1015 1382 1060 habet,

202 1083 460 1129 maximeque
494 1093 613 1129 quam
649 1080 793 1116 virides
827 1093 1020 1117 accensae
1053 1082 1155 1117 vites
1189 1080 1382 1124 exudant,

166 1151 183 1179 4
205 1158 283 1194 qua
323 1150 365 1180 et
409 1157 598 1180 verrucae
644 1144 852 1180 tolluntur.
922 1146 1100 1194 pampini
1144 1147 1382 1194 sanguinem

203 1209 487 1245 excreantibus
528 1214 569 1245 et
610 1208 823 1245 mulierum
863 1221 886 1245 a
925 1214 1123 1258 conceptu
1164 1207 1382 1246 defectioni

203 1273 318 1309 diluti
353 1279 451 1322 potu
485 1278 665 1322 prosunt.
723 1278 860 1309 cortex
896 1275 1036 1309 vitium
1071 1278 1113 1309 et
1145 1271 1241 1309 folia
1272 1273 1383 1310 arida

203 1337 412 1373 vulnerum
441 1339 679 1387 sanguinem
707 1339 856 1374 sistunt
883 1339 1095 1386 ipsumque
1123 1336 1265 1373 vulnus
1292 1350 1382 1374 con—

203 1401 421 1452 glutinant.
479 1404 569 1437 vitis
590 1401 705 1438 albae
724 1401 858 1438 viridis
878 1406 993 1437 tusae
1012 1414 1106 1437 suco
1124 1403 1382 1451 impetigines

204 1465 413 1502 tolluntur.
470 1468 567 1502 cinis
588 1471 883 1502 sarmentorum
904 1467 1045 1501 vitium
1066 1471 1108 1502 et
1128 1467 1381 1502 vinaceorum

203 1529 496 1580 condylomatis
521 1535 563 1566 et
586 1529 691 1566 sedis
715 1532 820 1566 vitiis
844 1529 1033 1566 medetur
1056 1542 1105 1566 ex
1130 1535 1260 1573 aceto,
1283 1532 1382 1566 item

205 1594 351 1630 luxatis
377 1599 419 1630 et
443 1594 638 1631 ambustis
665 1599 706 1630 et
730 1593 844 1630 lienis
868 1595 1015 1630 tumori
1040 1606 1130 1630 cum
1155 1606 1316 1630 rosaceo
1339 1600 1381 1631 et

205 1664 294 1695 ruta
320 1664 361 1694 et
387 1664 514 1695 aceto.
570 1660 668 1694 item
695 1660 776 1708 igni
801 1671 912 1694 sacro
937 1671 986 1694 ex
1011 1660 1101 1694 vino
1125 1660 1225 1694 citra
1249 1657 1379 1694 oleum

166 1731 184 1759 5
205 1725 434 1773 aspergitur
455 1729 495 1759 et
516 1724 776 1772 intertrigim',
797 1728 839 1759 et
858 1722 958 1772 pilos
979 1722 1166 1759 absumit.
1221 1722 1320 1758 dant
1339 1727 1381 1758 et

204 1787 426 1824 bibendum
454 1790 630 1824 cinerem
658 1792 955 1823 sarmentorum
983 1786 1033 1823 ad
1060 1786 1174 1823 lienis
1202 1786 1380 1823 remedia

245 1888 260 1902 ‘¹
283 1884 342 1915 Le.
367 1894 388 1915 a
412 1885 490 1914 vine
514 1883 595 1914 with
623 1883 641 1895 “
657 1883 758 1914 white
776 1883 795 1895 ”
820 1894 950 1924 grapeS,
976 1886 1037 1914 not
1063 1882 1122 1914 the
1147 1882 1222 1914 vitis
1248 1882 1322 1914 alba
1345 1883 1382 1914 of

202 1927 217 1968 ξ
233 1928 349 2044 ΞΞΙῈΟῙ·
367 1969 462 2001 these
484 1968 775 2010 knuckle-shaped
790 1968 956 2009 swellings
978 1979 1032 1999 see
1052 1979 1109 2010 pp.
1127 1969 1245 2006 2645,
1262 1969 1378 2006 384—5,

200 2024 244 2044 an
283 2017 392 2044 notes.

202 2070 272 2115 416
