1469 2299
126 267 186 298 150

129 737 186 768 151

417 99 610 136 PLINY:
655 97 916 135 NATURAL
949 97 1183 135 HISTORY

214 206 313 240 item
351 204 615 251 scorpionum,
653 203 751 236 item
788 205 927 236 contra
964 199 1165 236 volvarum
1204 204 1386 248 strangu-

211 262 379 298 lationes
409 260 546 297 addito
574 261 692 303 nitro,
720 264 859 295 contra
887 260 1057 294 tormina
1086 271 1107 294 e
1135 260 1237 293 vino.
1293 257 1388 294 folia

215 322 298 356 eius
338 321 498 356 strumis
537 318 759 354 inlinuntur
797 322 839 354 et
877 317 981 354 sedis
1021 318 1125 353 vitiis
1163 329 1253 352 cum
1292 315 1386 352 sale.

214 378 404 415 decoctae
440 390 555 413 sucus
591 375 759 413 feminas
794 380 942 425 purgat
977 380 1019 411 et
1054 374 1388 411 inflammationes

214 437 378 474 discutit
406 441 447 473 et
475 435 607 472 ulcera
633 440 760 472 sanat.
817 433 1061 470 articularios
1088 433 1246 470 morbos
1273 433 1389 469 sedat

213 498 401 545 canisque
429 508 593 531 morsus.
649 493 813 543 prodest
840 493 1090 543 dysintericis
1118 492 1320 528 veteribus
1349 496 1390 528 et

214 554 408 597 coeliacis,
442 552 724 602 orthopnoicis,
757 552 940 595 lienibus,
974 550 1170 588 ulceribus
1204 549 1388 586 thoracis.

214 613 402 663 caligines
424 612 627 648 oculorum
647 624 741 648 suco
761 624 851 647 cum
872 610 991 646 melle
1011 611 1178 659 inungui
1201 611 1389 645 eximium

214 671 399 709 habetur.

268 730 511 767 LXXXVII.
544 729 748 766 Melilotos
770 741 930 778 quoque
952 727 1073 765 oculis
1094 727 1282 764 medetur
1302 740 1393 763 cum

218 790 328 826 luteo
375 791 436 825 ovi
483 794 554 825 aut
601 788 667 824 lini
715 790 879 824 semine.
935 786 1184 822 maxillarum
1233 798 1392 835 quoque

216 848 371 885 dolores
397 848 495 884 lenit
521 853 563 884 et
586 849 728 896 capitis
753 860 843 883 cum
869 858 1042 888 rosaceo,
1068 847 1166 881 item
1191 847 1346 881 aurium
1372 856 1394 880 e

217 921 333 957 passo
349 919 534 957 quaeque
550 909 588 942 in
605 906 787 942 manibus
803 907 1073 941 intumescant
1091 903 1151 940 vel
1167 908 1394 952 erumpant,

218 965 411 1003 stomachi
435 966 589 1002 dolores
612 967 651 1001 in
674 967 764 1000 vino
786 963 953 1000 decocta
975 963 1036 999 vel
1059 962 1181 999 cruda
1202 965 1393 1011 tritaque.

217 1025 324 1062 idem
348 1024 513 1061 effectus
538 1030 579 1061 et
603 1023 652 1060 ad
676 1023 825 1065 vulvas,
849 1023 899 1059 ad
924 1028 1050 1059 testes
1075 1035 1166 1058 vero
1191 1027 1233 1058 et
1255 1021 1394 1058 sedem

221 1084 450 1134 prociduam
477 1095 661 1133 quaeque
688 1088 730 1119 et
754 1082 830 1118 alia
855 1083 906 1118 ibi
933 1083 1011 1118 sint
1037 1083 1133 1117 vitia
1158 1085 1320 1117 recente
1347 1093 1396 1117 ex

220 1157 324 1193 aqua
337 1143 503 1180 decocta
523 1143 533 1165 ¹
552 1142 611 1178 vel
627 1155 675 1179 ex
693 1155 820 1191 passo.
878 1141 1034 1178 adjecto
1048 1153 1207 1177 rosaceo
1219 1139 1399 1175 inlinitur

220 1202 271 1239 ad
315 1204 595 1238 carcinomata.
651 1200 892 1237 defervescit
936 1202 976 1236 in
1022 1201 1111 1235 vino
1156 1198 1273 1235 dulci.
1329 1210 1397 1248 pe-

220 1261 422 1298 culiariter
448 1267 489 1297 et
514 1266 652 1297 contra
677 1259 926 1296 meliceridas
951 1258 1102 1295 efficax.

272 1320 538 1356 LXXXVIII.
568 1318 775 1355 Trifolium
792 1320 871 1355 scio
887 1317 994 1354 credi
1010 1316 1242 1367 praevalere
1258 1322 1397 1353 contra

221 1382 469 1428 serpentium
498 1384 538 1415 et
566 1380 817 1427 scorpionum
843 1379 960 1420 ictus,
988 1389 1037 1413 ex
1064 1378 1154 1412 vino
1182 1381 1252 1412 aut
1278 1389 1397 1425 posca

220 1440 382 1475 seminis
420 1440 552 1488 granis
591 1449 638 1473 xx
677 1439 794 1486 potis,
829 1435 890 1472 vel
928 1435 1030 1472 foliis
1069 1440 1111 1471 et
1148 1440 1236 1471 tota
1273 1434 1397 1471 herba

221 1497 401 1539 decocta,
435 1502 724 1546 serpentesque
758 1508 976 1544 numquam
1011 1497 1050 1530 in
1081 1493 1229 1530 trifolio
1262 1495 1398 1543 aspici,

224 1562 436 1606 praeterea
482 1569 505 1592 a
550 1555 761 1592 celebratis
808 1555 1035 1590 auctoribus
1082 1558 1221 1590 contra
1266 1555 1399 1589 omnia

223 1628 377 1652 venena
408 1628 477 1665 pro
507 1614 690 1651 antidoto
720 1614 899 1650 sufficere
930 1625 1001 1650 xxv
1030 1625 1154 1663 grana
1178 1614 1262 1648 eius
1292 1611 1399 1661 quod

274 1701 287 1720 ¹
312 1707 446 1733 recente
462 1712 503 1732 ex
521 1711 611 1742 aqua
628 1701 770 1732 decocta
786 1704 914 1731 secutus
929 1700 1054 1730 Ianum
1070 1698 1235 1739 Dellessen
1249 1710 1256 1729 ε
1286 1708 1401 1729 recens

228 1745 312 1785 vulq.
330 1757 336 1775 :
385 1745 562 1775 decoctam
597 1748 654 1775 aut
692 1743 833 1774 decocta
868 1743 957 1773 codd.
974 1755 980 1773 :
1029 1746 1199 1772 recentem
1234 1751 1275 1772 ex
1311 1751 1401 1781 aqua

228 1787 405 1861 {lyecpccltlam
426 1787 589 1828 Maylwff,
609 1785 666 1826 qui
684 1786 837 1817 lacunam
858 1785 991 1824 (iubent
1010 1784 1120 1824 inlini)
1137 1789 1212 1815 ante
1231 1788 1400 1815 recentem

291 1935 305 1948 ‘²
327 1930 371 1961 So
393 1929 516 1960 named
539 1928 744 1970 apparently
765 1927 852 1960 from
874 1927 933 1958 the
955 1926 1242 1967 honey-coloured
1263 1936 1338 1968 pus.

295 1973 308 1992 θ
331 1973 392 2003 Sec
410 1974 423 2011 ξ
439 1976 480 2003 54
499 1972 537 2003 of
550 1972 619 2003 this
638 1971 737 2002 book.

229 2026 296 2061 268
