1469 2299
390 89 583 126 PLINY:
629 87 889 125 NATURAL
922 85 1155 123 HISTORY

185 194 357 230 decoctis
396 205 442 228 ex
482 194 571 227 vino
606 192 723 227 ramis
762 189 955 237 foliisque.
1010 187 1125 238 fugat
1162 194 1203 224 et
1239 187 1359 224 odore

186 268 336 298 omnes,
356 257 386 290 si
408 259 556 295 uratur,
582 259 622 289 et
643 258 779 288 eontra
808 254 1047 286 marinorum
1066 262 1219 286 venena
1248 262 1359 298 prae-

99 323 160 353 246
187 319 302 365 cipue
340 314 458 351 valet.
513 316 652 362 capitis
691 312 889 349 doloribus
927 311 1136 347 decoctum
1175 313 1213 346 in
1246 316 1360 347 aceto

103 814 161 842 247

187 378 364 414 inlinitur
402 376 645 425 temporibus
686 388 731 410 ac
769 373 887 410 fronti
927 386 1015 409 cum
1054 385 1227 416 rosaceo,
1264 374 1361 409 item

187 438 442 489 phreneticis,
472 435 731 486 lethargicis}
785 441 920 471 contra
953 436 1122 471 tormina
1157 439 1198 470 et
1226 437 1362 470 urinae

187 500 453 542 difficultates,
482 501 660 548 anginas,
688 499 922 533 vomitiones
951 495 1145 532 drachmis
1174 501 1363 544 quattuor

191 575 238 598 ex
281 574 384 610 aqua
416 561 588 601 bibiturj.
628 559 677 595 ad
716 561 929 594 iocinerum
964 557 1232 593 desiderium²
1271 556 1363 592 folia

190 622 311 659 obolis
350 628 539 671 quattuor
577 620 736 663 dantur,
774 619 824 655 ad
861 619 1007 654 lienem
1046 631 1093 654 ex
1133 625 1258 654 aceto.
1313 618 1363 654 ad

190 690 373 720 cruentas
421 685 693 718 excreationes
738 683 882 717 teritur
928 683 966 716 in
1013 679 1165 730 cyathis
1211 679 1364 716 duobus

191 748 292 782 aceti
327 752 366 781 et
401 744 538 780 mellis.

242 806 345 842 XCI.
375 805 634 855 Sisy-nibrium
672 804 851 841 silvestre
888 803 1125 852 quibusdam
1162 801 1365 852 thymbra-

193 882 284 904 eum
329 867 587 916 appellatum,
632 865 763 915 pedali
808 879 885 901 non
931 864 1096 914 amplius
1141 864 1364 901 altitudine.

193 929 298 978 quod
326 932 365 965 in
392 931 511 978 riguis
539 931 713 964 nascitur
739 927 865 963 simile
892 929 1087 962 nasturtio
1115 932 1189 969 est,
1217 932 1366 962 utrum-

193 1004 270 1040 que
283 991 299 1014 3
316 991 451 1026 efficax
470 990 655 1026 adversus
677 989 857 1025 aculeata
877 987 1074 1031 animalia,
1094 993 1139 1024 ut
1159 987 1367 1024 crabrones

194 1059 234 1089 et
265 1052 418 1094 similia,
448 1051 554 1100 quod
584 1054 622 1086 in
653 1053 753 1087 sicco
783 1050 990 1086 odoratum
1022 1055 1082 1085 est
1113 1054 1154 1085 et
1183 1051 1368 1085 inseritur

193 1116 358 1157 coronis,
402 1115 629 1162 angustiore
672 1111 776 1148 folio.
832 1111 973 1147 sedant
1016 1116 1186 1159 utraque
1228 1113 1368 1160 capitis

193 1175 382 1218 dolorem=
422 1177 519 1211 item
559 1173 780 1223 epiphoras,
818 1179 863 1209 ut
901 1171 1076 1209 Philinus
1115 1171 1249 1209 tradit.
1305 1171 1368 1208 alii

106 1244 167 1273 248
193 1250 336 1287 panem
365 1236 532 1280 addunt,
559 1236 622 1271 alii
648 1248 719 1285 per
744 1248 786 1271 se
812 1234 1007 1271 decocunt
1033 1236 1073 1270 in
1098 1236 1199 1270 vino.
1254 1239 1369 1271 sanat

196 1305 237 1335 et
267 1299 514 1347 epinyctidas
534 1299 717 1346 cutisque
736 1298 831 1333 vitia
850 1298 891 1332 in
911 1297 1011 1332 facie
1030 1297 1240 1331 mulierum
1265 1297 1370 1332 intra

195 1366 381 1409 quartum
421 1359 528 1395 diem
568 1359 748 1395 noctibus
788 1359 1003 1407 inpositum
1042 1357 1263 1406 diebusque
1302 1357 1370 1394 de-

195 1427 380 1458 tractum.
436 1423 683 1463 vomitiones,
716 1419 926 1469 singultus,
959 1421 1144 1462 tormina,
1177 1417 1369 1455 stomachi

196 1482 472 1519 dissolutiones
492 1481 665 1525 cohibet,
686 1484 767 1518 sive
787 1483 827 1517 in
846 1481 933 1517 cibo
953 1486 1157 1529 sumptum
1177 1482 1258 1516 sive
1278 1493 1370 1516 suco

195 1544 367 1594 potum.‘²
420 1557 498 1580 non
538 1543 737 1579 edendum
771 1542 940 1592 gravidis
980 1543 1052 1578 nisi
1086 1547 1242 1578 mortuo
1281 1554 1371 1578 con-

198 1612 332 1655 ceptu,
355 1607 501 1654 quippe
524 1607 645 1641 etiam
667 1606 882 1654 inpositum
905 1605 1007 1640 eicit.
1062 1609 1197 1640 movet
1216 1605 1371 1640 urinam

245 1725 256 1743 1
280 1725 333 1755 Ita
354 1723 429 1754 dist.
453 1723 609 1764 Mayhoff
625 1723 696 1754 coll.
719 1722 876 1763 Garyilio.
924 1722 1002 1753 Post
1020 1722 1215 1763 lethargicis
1234 1732 1369 1760 comma,

201 1773 272 1808 post
290 1768 494 1797 vomitiones
511 1771 539 1798 el
557 1771 628 1806 post
645 1765 850 1796 desiderium
867 1768 1025 1805 punctum
1043 1765 1136 1804 ponit
1152 1765 1326 1805 Dellessen.

243 1811 255 1829 ²
278 1810 483 1840 desiderium
510 1819 585 1840 cnm
610 1808 833 1848 compluribus
860 1807 952 1839 codd.
977 1807 1162 1848 Detlefsen:
1203 1808 1371 1840 desideria

201 1863 274 1883 cum
292 1863 356 1883 uno
379 1852 550 1892 Mayhoff:
580 1851 713 1882 dolores
729 1851 815 1892 ναῖς.

245 1896 257 1914 ³
281 1901 466 1935 utrumque
483 1895 572 1925 codd.
590 1899 619 1926 et
636 1894 800 1934 Detlefsen
815 1906 822 1924 :
851 1894 1046 1934 tritumque
1064 1893 1224 1934 Mayhoff.

249 1938 261 1956 ⁴²
284 1941 406 1978 potum
428 1938 518 1969 codd.
540 1942 569 1969 et
590 1937 754 1978 Detlefsen
769 1947 780 1967 .·
815 1940 898 1978 poto
921 1934 1084 1977 Maylwff.

204 2026 272 2060 Ι44
