1469 2299
159 317 198 347 23

160 786 200 815 24

427 151 621 189 PLINY:
666 152 929 189 NATURAL
963 152 1199 189 HISTORY

226 256 350 303 psoris
384 259 426 290 et
458 253 577 303 lepris
609 253 805 297 inlinitur,
837 253 951 290 lactis
984 253 1276 291 abundantiam
1307 253 1404 291 facit

227 318 385 348 coctum
426 325 515 348 curn
557 315 692 349 tritico
732 317 970 362 potumque,
1029 311 1140 348 radix
1183 315 1404 349 numerosis

227 370 471 407 utilitatibus
513 371 654 407 nobilis
695 376 835 407 eontra
875 372 1125 419 serpentium
1166 373 1268 407 ictus
1308 373 1406 408 trita

227 428 427 465 drachmis
480 429 636 466 duabus
688 429 851 465 bibitur.
907 431 1006 465 vitia
1057 431 1160 465 cutis
1211 431 1251 465 in
1303 429 1404 466 facie

226 500 422 537 varosque
461 493 503 524 et
540 487 757 538 lentigines
796 492 839 524 et
876 487 1094 537 suggillata
1132 487 1325 524 emendat
1363 493 1405 525 et

227 548 446 590 cicatrices,
496 546 722 596 eademque
770 551 953 596 praestat
1000 549 1039 583 in
1087 546 1176 582 oleo
1224 546 1403 583 decocta.

227 604 347 641 datur
380 611 422 642 et
451 604 718 642 comitialibus
752 610 887 654 potus,
915 607 1015 641 item
1043 610 1182 641 mente
1210 607 1405 642 conmotis

227 669 297 700 aut
352 666 551 713 vertigine
606 663 898 707 laborantibus,
952 662 1167 699 drachmae
1227 663 1405 713 pondere

227 722 374 759 cotidie
399 736 502 759 anno
526 728 626 759 toto.
683 728 726 759 et
749 725 835 772 ipsa
859 727 997 758 autem
1020 721 1167 771 largior
1190 722 1406 772 aliquando

228 794 364 818 sensus
386 780 555 818 turbat.¹
603 781 671 818 illa
692 783 749 817 vis
771 780 977 830 praeclara
999 780 1107 829 quod
1123 793 1212 817 ossa
1234 780 1405 818 infracta

228 839 408 876 extrahit
434 842 475 876 in
498 853 603 889 aqua
624 841 799 889 inposita
822 845 867 876 ut
888 839 1072 889 bryonia,
1094 852 1219 888 quare
1242 839 1406 889 quidam

226 897 329 934 hanc
361 898 493 935 albam
525 899 735 948 bryoniam
767 903 926 941 vocant,
959 897 1077 934 aliam
1109 910 1203 934 vero
1233 900 1404 948 nigram.

227 957 421 993 efficacior
438 960 478 993 in
496 957 639 993 eodem
658 970 731 993 usu
749 970 839 993 cum
857 955 976 993 melle
995 962 1036 992 et
1054 961 1157 993 ture.
1213 969 1406 1006 suppura-

226 1018 356 1052 tiones
370 1018 610 1065 incipientes
625 1015 804 1059 discutit,
816 1021 975 1051 veteres
991 1020 1171 1052 maturat
1188 1020 1230 1052 et
1245 1020 1405 1065 purgat.

225 1076 305 1110 ciet
325 1087 483 1111 menses
505 1080 546 1111 et
566 1076 734 1110 urinam.
792 1074 962 1123 ecligma
982 1086 1032 1110 ex
1053 1086 1101 1110 ea
1120 1073 1166 1110 fit
1185 1076 1406 1123 suspiriosis

227 1138 269 1169 et
304 1139 443 1169 contra
478 1133 615 1169 lateris
651 1132 822 1176 dolores,
858 1131 992 1176 vulsis,
1028 1134 1169 1182 ruptis.
1225 1132 1407 1182 splenem

227 1194 352 1228 ternis
391 1191 516 1229 obolis
552 1197 649 1241 pota
679 1204 753 1228 xxx
783 1191 925 1228 diebus
956 1193 1168 1228 consumit.
1227 1190 1408 1227 inlinitur

228 1250 371 1286 eadem
401 1263 492 1287 cum
522 1250 595 1287 fico
633 1256 674 1286 et
709 1252 906 1300 pterygiis
942 1249 1174 1300 digitorum.
1231 1262 1280 1286 ex
1317 1252 1407 1286 vino

227 1312 422 1348 secundas
459 1311 701 1348 feminarum
738 1311 923 1361 adposita
959 1310 1099 1355 trahit,
1137 1316 1180 1348 et
1215 1313 1407 1360 pituitam

159 1381 166 1388 ·
226 1370 417 1407 drachma
445 1377 543 1420 pota
572 1374 612 1407 in
641 1384 748 1420 aqua
774 1370 903 1407 mulsa
932 1383 1049 1407 sucus
1078 1369 1407 1420 radicis—colligi

227 1429 352 1466 debet
368 1435 463 1466 ante
481 1432 643 1466 seminis
659 1431 1064 1478 maturitatem—qui
1081 1428 1261 1465 inlinitus
1277 1441 1350 1478 per
1364 1441 1407 1465 se

228 1493 269 1524 et
282 1501 373 1524 cum
388 1501 481 1525 ervo
494 1488 663 1524 laetiore
678 1487 853 1538 quodam
867 1487 998 1524 colore
1013 1493 1054 1524 et
1069 1489 1171 1524 cutis
1185 1489 1407 1524 teneritate

226 1549 486 1597 mangonicat
539 1560 716 1596 corpora.
773 1551 983 1596 serpentes
1037 1545 1166 1596 fugat.
1222 1545 1408 1582 tunditur

227 1607 312 1654 ipsa
349 1606 462 1642 radix
500 1619 591 1643 cum
629 1605 702 1642 fico
738 1607 879 1655 pingui
918 1610 1144 1654 erugatque
1181 1617 1338 1654 corpus,
1375 1606 1405 1641 si

357 1708 367 1727 ¹
393 1708 510 1739 turbat
529 1707 728 1739 Cormrinm
745 1712 873 1739 secutus
890 1707 997 1738 Ianus
1012 1719 1019 1737 :
1051 1712 1173 1748 purgat
1191 1707 1280 1738 codd.

270 1801 283 1816 ⁰
307 1797 341 1828 It
357 1798 384 1828 is
401 1797 555 1834 difficult,
572 1796 718 1837 perhaps
734 1795 938 1837 impossible,
956 1800 993 1826 to
1009 1806 1069 1836 say
1087 1795 1183 1826 when
1199 1795 1258 1826 the
1273 1795 1407 1835 subject

225 1841 252 1872 is
280 1840 374 1871 radix
401 1840 469 1871 and
497 1840 592 1870 when
619 1840 647 1871 it,
673 1840 700 1870 is
727 1840 802 1871 vitis
829 1839 913 1870 alba.
962 1838 1052 1869 Both
1080 1848 1136 1869 are
1163 1838 1312 1879 singular
1338 1838 1406 1869 and

225 1883 396 1917 feminine,
415 1883 473 1914 the
491 1882 658 1924 difficulty
678 1883 858 1924 beginning
876 1881 959 1913 with
976 1881 1034 1912 the
1052 1880 1125 1912 first
1143 1886 1302 1913 sentence
1319 1881 1408 1913 after

227 1927 321 1957 radix
340 1927 519 1956 numerosis
535 1932 600 1957 etc.

271 1968 282 1988 b
306 1969 365 2000 See
383 1969 398 2009 ξ
416 1969 467 2000 27.

270 2017 281 2030 ⁶
305 2011 350 2043 Or
369 2012 387 2024 “
403 2010 602 2043 whitlows.'‘

227 2085 297 2121 430
