1469 2299
89 275 129 307 26

95 810 134 839 27

98 1451 138 1481 28

356 113 551 151 PLINY:
596 112 858 150 NATURAL
890 110 1123 149 HISTORY

154 219 209 253 sic
240 221 287 252 ut
318 218 509 266 spissatus
542 220 604 251 est
635 214 796 264 linguae
828 213 1001 257 subdito,
1033 215 1133 249 item
1164 211 1329 254 thoraci,

156 272 329 306 iocineri.
384 268 457 304 hac
487 268 658 305 diximus
689 270 795 303 sitim
825 267 1054 316 famemque
1085 265 1226 302 sedari.
1280 265 1330 301 ob

154 323 195 360 id
228 322 391 372 quidam
425 322 589 371 adipson
624 321 875 370 appellavere
910 333 998 356 eam
1033 325 1074 356 et
1107 318 1331 369 hydropicis

155 376 318 420 dedere,
334 388 385 412 ne
401 378 570 412 sitirent.
626 375 715 411 ideo
732 380 774 410 et
789 373 1105 410 conmanducata
1121 375 1331 409 stomatice

157 435 218 467 est
255 435 297 466 et
333 429 528 465 ulceribus
565 431 640 464 oris
677 430 854 477 inspersa
889 439 1010 476 saepe
1047 431 1089 462 et
1124 428 1330 476 pterygiis.

157 489 272 520 sanat
301 489 342 519 et
372 485 524 518 vesicae
553 482 741 525 scabiem,
769 483 923 517 renium
951 479 1119 522 dolores,
1148 478 1334 529 condylo-

156 542 280 580 mata,
301 536 434 572 ulcera
454 535 702 585 genitalium.
757 534 905 571 dedere
927 546 1015 570 eam
1038 532 1200 582 quidam
1221 534 1333 581 potui

158 593 197 626 in
224 592 428 639 quar-tanis
455 588 732 626 drachmarum
759 587 927 624 duarum
953 587 1129 636 pondere
1156 592 1198 622 et
1222 588 1335 635 piper

158 641 235 680 exl
274 642 433 679 hemina
467 655 607 692 aquae.
663 641 979 678 conmanducata
1011 642 1246 690 sanguinem
1285 652 1335 675 ex

157 697 318 733 vulnere
349 699 464 733 sistit.
520 701 613 733 sunt
644 698 710 745 qui
741 700 784 731 et
813 694 981 731 calculos
1013 707 1060 730 ea
1090 693 1181 743 pelli
1212 692 1334 729 tradi-

158 751 315 787 derunt.

212 803 306 840 XII.
335 802 484 839 Tribuli
535 816 658 839 unum
708 814 835 852 genus
885 804 925 837 in
975 799 1098 836 hortis
1149 802 1336 843 nascitur,

161 857 333 893 alterum
368 859 407 893 in
443 856 670 892 fluminibus
706 861 878 891 tantum.
932 867 1047 890 sucus
1084 867 1132 889 ex
1168 852 1226 889 his
1262 852 1338 888 col-

161 911 297 960 ligitur
317 910 367 946 ad
387 910 588 946 oculorum
609 909 838 952 medicinas,
859 913 920 944 est
941 910 1045 943 enim
1065 906 1337 956 refrigerantis

163 970 332 1000 naturae
361 969 403 1000 et
428 964 518 999 ideo
546 963 651 999 utilis
679 968 817 999 contra
842 961 1174 998 inflammationes
1201 959 1339 996 collec-

163 1020 386 1067 tionesque.
442 1017 574 1053 ulcera
603 1029 674 1066 per
702 1029 744 1052 se
775 1017 1026 1065 erumpentia
1057 1020 1098 1050 et
1126 1016 1339 1063 praecipue

163 1074 203 1107 in
231 1084 298 1107 ore
327 1084 416 1107 cum
446 1070 563 1106 melle
591 1075 720 1113 sanat,
748 1071 846 1105 item
874 1068 1063 1105 tonsillas.
1118 1073 1236 1117 potus
1263 1066 1340 1103 cal-

163 1124 269 1161 culos
304 1124 463 1174 frangit.
518 1123 689 1160 Thraces
723 1125 791 1172 qui
824 1122 875 1159 ad
908 1121 1121 1172 Strymona
1153 1120 1341 1156 habitant

164 1178 264 1214 foliis
284 1178 416 1214 tribuli
437 1190 558 1226 equos
577 1180 775 1226 saginant,
792 1178 866 1225 ipsi
884 1175 1024 1212 nucleo
1041 1177 1178 1211 vivunt
1195 1187 1339 1223 panem

165 1231 358 1268 facientes
402 1230 656 1280 praedulcem
700 1236 742 1266 et
783 1231 851 1279 qui
893 1228 1103 1265 contrahat
1145 1234 1339 1264 ventrem.

165 1285 276 1321 radix
297 1291 406 1321 caste
428 1297 607 1334 pureque
628 1283 794 1320 collecta
814 1283 977 1320 discutit
997 1289 1183 1325 strumas,
1203 1293 1341 1318 semen

165 1339 425 1388 adalligatum
457 1341 630 1374 varicum
662 1337 816 1374 dolores
847 1336 976 1380 sedat,
1007 1338 1147 1372 tritum
1178 1347 1271 1371 vero
1301 1337 1341 1370 in

166 1406 311 1441 aquam
337 1405 516 1441 sparsum
543 1391 692 1440 pulices
717 1395 846 1428 necat.

216 1446 331 1482 XIII.
362 1445 509 1482 Stoebe
537 1458 657 1494 quam
686 1444 805 1494 aliqui
833 1443 965 1493 pheon
992 1448 1149 1486 vocant,
1177 1441 1343 1478 decocta

165 1501 204 1535 in
230 1502 320 1536 vino
346 1502 560 1549 praecipue
586 1499 747 1535 auribus
771 1497 994 1547 purulentis
1021 1496 1220 1539 medetur,
1244 1497 1344 1531 item

321 1588 331 1607 ²
357 1592 391 1618 et
408 1588 505 1628 piper
521 1598 562 1618 ex
581 1586 749 1627 Mayhoff:
780 1590 815 1617 et
831 1590 888 1617 aut
905 1597 946 1617 ex
963 1587 1079 1626 pipere
1096 1585 1185 1617 codd.

203 1691 216 1704 ‘¹
242 1686 305 1716 XI.
324 1688 337 1724 ξ
355 1686 430 1715 284.

204 1729 217 1750 ²³
242 1729 337 1760 With
365 1728 423 1758 the
451 1728 543 1759 MSS.
574 1727 714 1767 reading
741 1727 799 1758 the
826 1727 985 1766 meaning
1011 1726 1040 1756 is
1067 1726 1124 1756 the
1152 1735 1256 1762 same,
1283 1724 1347 1755 but

160 1772 265 1812 oddly
286 1771 478 1812 expressed,
500 1781 536 1801 as
558 1781 595 1801 ex
615 1771 697 1801 with
719 1770 778 1800 the
798 1770 951 1800 ablativa
970 1769 1105 1809 usually
1126 1769 1268 1799 denotes
1288 1767 1346 1798 the

160 1815 239 1846 base
256 1815 293 1846 of
305 1825 325 1845 a
339 1814 489 1855 draught
505 1824 542 1844 or
557 1813 722 1844 medicine
739 1815 790 1852 (ex
804 1823 901 1852 aqua,
918 1823 932 1843 e
948 1813 1034 1849 vim,
1051 1823 1088 1843 ex
1103 1816 1199 1849 aceto,
1216 1822 1253 1842 ex
1267 1809 1344 1848 oleo,

159 1860 250 1897 eto.).
295 1858 365 1888 But
385 1858 426 1888 cf.
449 1857 529 1888 XX.
551 1858 587 1887 91
611 1857 641 1887 si
660 1856 752 1887 detur
771 1867 808 1887 ex
827 1866 922 1887 carne
943 1855 1027 1894 (this
1044 1856 1073 1886 is
1092 1858 1153 1886 not
1173 1855 1267 1894 quite
1286 1853 1345 1885 the

160 1903 277 1939 same).

205 1950 216 1963 ⁶
240 1944 310 1974 The
328 1948 396 1974 two
414 1944 573 1973 varicties
591 1953 647 1973 are
666 1942 745 1973 land
764 1942 895 1983 caltrop
912 1941 980 1972 and
999 1944 1104 1972 water
1121 1941 1290 1971 chestnut.

204 1987 218 2005 α
242 1987 324 2018 This
338 1988 366 2018 is
381 1987 548 2017 Poterium
563 1986 746 2026 spinosum.

159 2055 228 2091 312
