1469 2299
437 149 630 186 PLINY:
678 150 938 187 NATURAL
972 150 1205 187 HISTORY

236 255 275 289 in
303 252 449 302 Cyprio
478 265 569 288 vase
598 252 647 288 ad
674 252 980 289 crassitudinem
1008 253 1147 289 mellis.
1204 267 1296 290 usus
1325 256 1407 290 eius

237 325 325 348 cum
356 317 470 347 aceto
500 316 570 347 aut
597 313 688 347 vino
717 317 854 347 vetere
884 317 953 347 aut
982 312 1122 355 mulso,
1152 317 1196 348 ut
1224 325 1408 361 quaeque

237 383 355 406 causa
382 372 533 419 exigat,
559 372 598 405 in
625 372 874 406 curationem
900 373 990 412 oris,
1016 370 1214 413 dentium,
1241 374 1408 414 aurium,

169 434 208 463 75
239 429 415 464 ulcerum
446 431 711 471 manantium,
741 428 993 477 genitalium,
1025 428 1259 478 rhagadum.
1328 430 1409 466 vul-

238 487 398 523 neribus
447 489 485 522 in
536 487 707 523 linteolis
756 489 975 535 inponitur,
1026 487 1170 523 luxatis
1219 490 1258 524 in
1307 488 1406 524 lana.

238 548 377 595 ingens
415 545 476 581 hic
516 559 607 581 usus
645 548 785 594 utique
822 548 1049 582 inveterato
1096 546 1409 590 medicamento,

238 605 318 640 tale
359 607 464 640 enini
504 604 656 640 fistulas
696 610 823 640 sanat.
881 604 1106 641 infunditur
1143 604 1262 648 sedis,
1300 608 1410 655 geni-

238 663 392 700 talium.
416 663 556 698 vulvae
581 663 884 706 exulcerationi,
907 663 1086 699 inlinitur
1109 676 1201 700 vero
1224 663 1410 713 podagris

240 721 537 770 incipientibus,
559 723 656 757 item
679 721 916 757 articulariis
938 722 1096 758 morbis.
1157 723 1187 758 si
1208 735 1302 758 vero
1321 736 1411 759 cum

237 779 446 829 omphacio
504 786 744 829 recoquatur
801 779 851 816 ad
907 780 1034 816 mellis
1091 780 1410 825 crassitudinem,

237 841 436 876 causarios
455 838 599 874 dentes
619 837 810 881 extrahit,
828 841 927 874 item
946 841 1217 875 iumentorum
1236 840 1410 876 scabiem

237 911 326 933 curn
347 897 514 933 decocto
535 897 760 945 lupinorum
782 902 823 933 et
843 896 1148 934 chamaeleonte
1168 897 1293 934 herba
1312 900 1410 935 mire

238 962 365 992 sanat.
422 955 543 992 cruda
565 969 725 992 amurca
745 956 943 1005 podagros
965 956 1087 992 foveri
1110 956 1375 993 utilissimum.

173 1020 212 1049 76
291 1014 522 1050 XXXVIII.
554 1014 726 1050 Oleastri
795 1014 978 1051 foliorum
1045 1015 1187 1051 eadem
1253 1021 1409 1052 natura.

238 1073 421 1122 spodium
465 1086 485 1109 e
529 1073 730 1109 cauliculis
773 1073 1053 1110 vehementius
1097 1073 1252 1110 inhibet
1295 1074 1410 1111 rheu-

239 1135 456 1168 matismos.
514 1132 630 1168 sedat
654 1138 695 1168 et
719 1131 1055 1169 inflammationes
1080 1133 1297 1177 oculorum,
1321 1147 1412 1182 pur-

237 1196 309 1241 gat
340 1191 470 1227 ulcera
494 1190 668 1227 alienata
686 1187 700 1212 ¹
723 1197 764 1227 et
791 1191 941 1240 explet,
966 1194 1239 1228 excrescentia
1268 1191 1412 1228 leniter

239 1250 368 1286 erodit
395 1252 599 1298 siccatque
627 1255 668 1286 et
695 1250 744 1286 ad
771 1252 998 1286 cicatricem
1024 1250 1220 1299 perducit.
1276 1256 1413 1287 cetera

240 1314 284 1345 ut
311 1311 350 1344 in
379 1309 488 1351 oleis,
515 1308 715 1357 peculiare
744 1314 881 1345 autem
910 1309 1016 1357 quod
1045 1308 1137 1344 folia
1165 1309 1412 1346 decocuntur

240 1380 288 1403 ex
341 1367 459 1403 melle
506 1372 547 1403 et
591 1367 739 1403 dantur
783 1367 1026 1404 coclearibus
1071 1368 1198 1404 tribus
1215 1367 1230 1390 2
1274 1374 1413 1405 contra

172 1431 210 1459 77
239 1428 441 1475 sanguinis
499 1429 786 1462 excreationes.
851 1425 983 1462 oleum
1039 1425 1230 1462 tantum³
1286 1430 1411 1464 acrius

240 1485 539 1534 efficaciusque;
580 1484 701 1521 ideo4
740 1498 781 1521 os
821 1497 980 1533 quoque
1018 1484 1203 1521 colluitur
1249 1485 1314 1522 illo
1362 1486 1411 1522 ad

240 1542 472 1579 firmitatem
489 1543 684 1579 dentium.
733 1545 979 1592 inponuntur
995 1542 1088 1579 folia
1105 1549 1146 1580 et
1162 1544 1411 1594 paronychiis

291 1645 300 1663 ¹
325 1645 473 1676 alienata
497 1650 531 1676 et
556 1644 608 1675 vd
627 1645 781 1685 Mayhoff
792 1657 799 1676 ε
825 1650 859 1676 et
882 1646 972 1677 omit.
999 1645 1027 1676 E
1051 1645 1147 1686 vulq„
1165 1645 1337 1688 Dedefsen,
1355 1647 1412 1688 qui

244 1698 365 1719 commu
384 1694 453 1727 pasl
472 1688 582 1719 ulcera,
599 1688 718 1728 posuit.

287 1731 299 1748 ²
325 1731 433 1761 tribus
450 1732 523 1762 add.
548 1731 618 1762 Val.
638 1731 729 1762 Rose.

290 1774 302 1793 ³
326 1778 462 1804 tantum
480 1786 486 1805 z
517 1784 596 1805 num
613 1778 728 1805 tamen
745 1784 818 1805 cum
835 1773 1011 1806 Harduino
1027 1773 1073 1805 vel
1089 1777 1230 1806 autem?

241 1817 300 1890 M⁴
323 1816 398 1900 idef)
426 1816 541 1857 Silliq:
571 1821 606 1848 et
631 1816 672 1847 de
693 1827 732 1848 eo
753 1827 826 1848 cum
850 1816 952 1849 tribus
975 1817 1062 1849 codd.
1090 1817 1261 1859 Defflzssen,
1279 1821 1314 1849 et
1336 1817 1412 1850 ideo

282 1870 324 1898 ay
344 1871 365 1890 ro
395 1885 402 1892 .

281 1966 294 1981 ‘¹
311 1963 346 2036 ῘΞΑ
377 1961 534 2003 spoonful
566 1961 711 2001 (coclear)
742 1971 810 1993 was
840 1961 898 1993 the
928 1962 1188 2003 twenty-fourth
1220 1967 1298 2004 part
1327 1964 1366 1995 of
1390 1975 1411 1996 a

237 2010 308 2045 cyat
334 2016 380 2036 us.

238 2067 309 2113 464
