1469 2299
61 1365 122 1396 21ss

346 103 540 140 PLINY:
585 102 845 139 NATURAL
880 101 1113 138 HISTORY

142 210 301 257 ponitur
328 220 417 243 cum
445 205 621 255 polenta,
649 210 691 241 et
718 204 813 240 alias
841 204 1081 240 manducata
1109 203 1318 253 refrigerat

143 274 265 308 etiam
301 273 502 306 intestina.
558 271 792 305 vomitiones
828 270 943 304 sistit.
999 267 1241 318 dysinteriae
1277 273 1319 303 et

144 337 301 372 vomicis
343 341 451 371 estur
490 347 538 370 ex
579 339 694 369 aceto
732 332 795 368 vel
833 332 982 368 bibitur
1021 345 1110 368 cum
1149 333 1319 375 cumino,

143 401 332 436 tenesmis
366 404 502 434 autem
534 403 658 434 cocta.
713 396 976 433 comitialibus
1009 396 1096 431 cibo
1128 395 1190 431 vel
1222 401 1319 444 potu

144 463 320 512 prodest,
347 462 648 512 purgationibus
675 460 886 497 mulierum
913 459 1110 496 acetabuli
1137 472 1322 495 mensura

144 530 184 563 in
203 540 312 576 sapa,
334 527 517 575 podagris
537 525 671 562 calidis
692 538 781 561 cum
802 524 883 561 sale
904 523 1016 560 inlita
1037 529 1079 560 et
1098 537 1207 560 sacro
1227 525 1320 573 igni.

145 604 259 628 sucus
302 593 383 626 eius
425 596 541 639 potus
583 602 697 625 renes
738 591 846 625 iuvat
888 601 932 624 ac
973 589 1135 631 vesicas,
1175 589 1322 624 ventris

145 655 330 691 animalia
359 654 483 703 pellit.
539 653 588 689 ad
619 652 825 689 vulnerum
855 651 1009 688 dolores
1040 665 1088 687 ex
1119 651 1206 688 oleo
1234 664 1323 687 cum

145 719 308 768 polenta
330 720 543 767 inponitur.
600 730 808 753 nervorum
829 716 994 753 duritias
1017 715 1179 752 emollit.
1237 714 1323 751 Me-

146 783 341 825 trodorus,
388 784 454 832 qui
503 776 697 831 ἐπιτομὴν
750 775 1102 830 ῥιζοτομουμένων
1157 781 1325 829 scripsit,

146 847 448 897 purgationibus
487 859 510 882 a
547 851 666 895 partu
704 845 879 882 dandam
917 846 1084 881 censuit.
1139 856 1326 880 venerem

102 938 107 945 .
148 911 301 947 inhibet
326 913 561 960 venerisque
585 912 749 946 somnia.
804 910 992 958 praetorii
1017 910 1086 944 viri
1111 913 1227 957 pater
1252 913 1326 951 est,

148 976 365 1024 Hispaniae
399 977 596 1024 princeps,
632 986 752 1024 quem
787 975 866 1010 scio
901 978 1065 1022 propter
1099 971 1326 1022 inpetibiles

148 1053 248 1076 uvae
283 1040 439 1076 morbos
475 1038 649 1075 radicem
685 1040 768 1074 eius
804 1037 868 1074 filo
903 1049 1136 1086 suspensam
1173 1049 1194 1072 e
1229 1035 1327 1073 00110

148 1117 288 1153 gerere
323 1109 606 1153 praeterquam
641 1104 681 1138 in
715 1101 895 1145 balineis,
931 1103 988 1137 ita
1023 1100 1236 1137 liberatum
1271 1102 1327 1136 in-

148 1167 355 1205 commodo
387 1169 505 1204 omni.
560 1169 657 1216 quin
689 1168 812 1203 etiam
844 1167 975 1202 inveni
1007 1164 1114 1214 apud
1145 1170 1328 1201 auctores

148 1238 267 1281 caput
286 1232 442 1268 inlitum
460 1244 506 1268 ea
522 1230 833 1268 destillationem
849 1243 953 1266 anno
968 1235 1056 1266 toto
1072 1242 1151 1266 non
1166 1230 1327 1265 sentire.

150 1296 280 1332 oculos
304 1302 442 1332 tamen
465 1295 659 1332 hebetare
682 1300 859 1345 putatur.

201 1360 407 1396 LXXXII.
438 1359 698 1396 Col-iandrum
746 1361 852 1396 inter
900 1357 1096 1395 silvestria
1145 1370 1224 1394 non
1273 1359 1330 1394 in-

151 1426 318 1461 venitur.
374 1426 630 1473 praecipuum
650 1436 735 1460 esse
752 1428 910 1459 constat
927 1423 1189 1472 Aegyptium.
1222 1421 1330 1458 valet

151 1494 289 1525 contra
315 1491 560 1537 serpentium
588 1501 713 1537 genus
741 1500 863 1524 unum
891 1486 997 1536 quod
1024 1485 1329 1535 amphisbaenas

151 1558 293 1589 vocant
318 1558 455 1602 potum
483 1554 791 1602 inpositumque.
846 1556 960 1587 sanat
987 1556 1028 1587 et
1053 1550 1129 1586 alia
1154 1549 1329 1593 vulnera,

153 1617 414 1667 epinyctidas,
443 1616 602 1666 pusulas
631 1618 794 1659 tritum3
836 1618 890 1652 sic
919 1620 961 1652 et
989 1627 1126 1651 omnes
1153 1619 1330 1651 tumores

151 1681 484 1731 collectionesque
505 1694 594 1717 cum
616 1680 733 1717 melle
755 1685 824 1716 aut
846 1693 922 1716 uva
942 1692 1072 1729 passa,
1093 1691 1216 1728 panos
1238 1691 1330 1715 vero

153 1758 202 1782 ex
240 1751 355 1782 aceto
391 1747 544 1782 tritum.
599 1746 759 1782 seminis
796 1757 921 1794 grana
957 1745 1035 1780 tria
1071 1745 1112 1779 in
1147 1744 1330 1779 tertianis

199 1879 213 1894 ‘⁸
236 1875 264 1905 A
282 1874 473 1915 superficial
490 1874 625 1905 abscess
642 1877 679 1904 to
696 1884 717 1904 a
735 1873 809 1904 hair
825 1872 960 1903 folliele.
1006 1872 1067 1904 See
1085 1871 1200 1903 Celsus
1218 1871 1258 1903 V.
1277 1872 1330 1908 28,

154 1918 169 1955 §
186 1919 236 1953 10,
256 1918 289 1955 fit
307 1917 448 1948 „mxime
464 1922 522 1947 aut
541 1917 577 1947 in
593 1916 707 1948 vertice
723 1921 782 1948 aut
798 1916 835 1947 in
851 1915 917 1947 alis
938 1919 996 1947 aut
1018 1914 1225 1956 inquinibus.
1269 1913 1330 1945 See

155 1961 169 1999 §
186 1962 206 1990 4
223 1959 291 1990 and
306 1959 560 1996 Introduction,
578 1970 611 2000 p.
629 1969 662 1990 x.

161 2041 229 2075 124
