1469 2299
106 383 165 414 119

109 753 170 785 120

113 1062 169 1093 121

117 1557 176 1587 122

399 88 593 127 PLINY:
638 87 900 126 NATURAL
933 86 1168 124 HISTORY

191 193 416 230 buselinum
432 191 617 228 differens
632 191 833 227 brevitate
849 189 970 226 caulis
987 203 1010 226 a
1027 192 1153 226 sativo
1172 195 1213 226 et
1230 189 1370 226 radicis

192 255 320 291 colore
363 253 463 297 rufo,
508 253 687 290 eiusdem
730 251 905 288 effectus.
962 251 1191 301 praevalere
1235 257 1372 287 contra

195 322 402 365 serpentes
428 321 527 365 potu
554 320 595 351 et
621 314 748 351 inlitu.

243 377 431 413 XLVIII.
462 376 645 414 Ocimum
670 388 829 426 quoque
853 374 1095 425 Chrysippus
1119 377 1295 424 graviter
1318 376 1372 410 in-

195 442 350 489 crepuit
382 438 521 475 inutile
552 437 771 481 stomacho,
801 439 953 480 urinae,
984 436 1185 472 oculorum
1216 448 1375 485 quoque

195 501 380 545 claritati,
409 506 621 550 praeterea
649 501 842 536 insaniam
872 498 1003 534 facere
1034 504 1075 534 et
1103 497 1304 547 lethargos
1335 503 1375 533 et

195 565 374 599 iocineris
391 565 501 606 vitia,
519 562 689 611 ideoque
706 574 843 610 capras
862 560 901 597 id
919 562 1135 609 aspernari,
1152 558 1376 595 hominibus

196 638 354 674 quoque
376 624 609 674 fugiendum
630 636 807 660 censens.
864 622 1017 658 addunt
1038 621 1200 670 quidam
1221 623 1375 663 tritum,

199 689 228 722 si
265 689 466 736 operiatur
501 685 647 735 lapide,
683 687 929 734 scorpionem
965 686 1143 734 gignere,
1179 695 1376 719 comman-

197 748 387 784 ducatum
412 753 453 784 et
477 750 515 783 in
540 747 622 784 sole
644 748 818 796 positum
843 758 1011 788 vermes,
1035 744 1121 781 Afri
1146 758 1252 788 vero,
1276 747 1306 780 si
1332 757 1378 780 eo

199 810 263 847 die
283 809 448 846 feriatur
467 811 662 859 quispiam
683 822 706 844 a
725 810 929 857 scorpione
949 820 1027 856 quo
1047 807 1175 843 ederit
1195 808 1379 849 ocimum,

198 885 274 908 non
300 885 415 921 posse
440 873 597 907 servari.
653 873 749 920 quin
773 872 894 906 immo
918 869 1085 906 tradunt
1110 868 1227 917 aliqui
1255 870 1376 904 mani-

198 934 290 984 pulo
306 936 420 970 ocimi
436 947 524 970 cum
541 935 690 969 cancris
712 945 734 968 x
756 933 916 968 marinis
932 931 994 967 vel
1010 930 1264 967 fluviatilibus
1285 932 1380 966 trito

201 998 411 1032 convenire
457 995 507 1032 ad
553 994 593 1031 id
639 996 862 1043 scorpiones
909 1006 958 1029 ex
1005 995 1184 1042 proximo
1229 1004 1378 1032 omnes,

202 1058 399 1094 Diodorus
429 1059 469 1093 in
499 1058 694 1106 empiricis
725 1058 847 1092 etiam
875 1054 1077 1104 pediculos
1107 1053 1238 1090 facere
1267 1055 1379 1089 ocimi

202 1120 345 1155 cibum.
401 1124 537 1155 secuta
568 1124 679 1155 aetas
710 1120 853 1154 acriter
882 1115 1077 1159 defendit,
1106 1129 1195 1152 nam
1227 1115 1265 1151 id
1297 1128 1382 1152 esse

200 1195 351 1230 capras,
374 1194 446 1217 nec
469 1183 654 1230 cuiquam
676 1185 855 1216 mentem
877 1184 1043 1222 motam,
1067 1183 1108 1214 et
1131 1179 1380 1226 scorpionum

203 1245 453 1279 terrestrium
474 1243 616 1279 ictibus
635 1244 958 1290 marinorumque
978 1241 1140 1276 venenis
1161 1239 1312 1275 mederi
1333 1252 1382 1275 ex

204 1308 294 1341 vino
327 1304 465 1341 addito
498 1306 602 1341 aceti
636 1306 793 1353 exiguo.
849 1316 922 1339 usu
956 1314 1115 1352 quoque
1148 1306 1384 1350 conpertum

202 1367 479 1403 deficientibus
512 1379 562 1403 ex
595 1371 711 1403 aceto
743 1365 912 1402 odoratu
944 1363 1119 1401 salutare
1152 1375 1252 1407 esse,
1286 1364 1383 1399 item

203 1428 430 1478 lethargicis
474 1434 516 1465 et
559 1427 814 1464 inflammatis
861 1424 1182 1475 refrigerationi)
1227 1423 1384 1460 inlitum

203 1493 342 1540 capitis
367 1490 566 1527 doloribus
590 1503 681 1526 cum
703 1501 864 1526 rosaceo
888 1494 958 1524 aut
984 1493 1142 1538 myrteo
1162 1491 1231 1523 aut
1257 1491 1385 1529 aceto,

204 1555 301 1588 item
338 1552 539 1589 oculorum
576 1550 774 1601 epiphoris
810 1552 1026 1600 inpositum
1064 1562 1113 1585 ex
1149 1550 1252 1585 vino.
1306 1553 1384 1584 sto-

204 1613 344 1651 macho
373 1626 532 1664 quoque
561 1613 660 1651 utile
688 1611 912 1649 inflationes
941 1616 1056 1648 ructu
1087 1623 1137 1647 ex
1165 1614 1281 1646 aceto
1309 1608 1384 1646 dis—

208 1675 360 1713 solvere
386 1681 605 1725 sumptum,
636 1674 769 1711 alvum
798 1676 940 1711 sistere
970 1673 1200 1722 inpositum,
1230 1672 1386 1707 urinam

511 1744 524 1763 1
549 1742 812 1783 refrigeratione
829 1741 915 1773 coni.
933 1741 1076 1782 Mayoff.

245 1814 258 1828 ‘²
283 1809 409 1841 Cretan
426 1807 647 1839 Alexanders.

245 1852 259 1873 ὸ
284 1852 462 1891 Letharyus
484 1861 554 1882 was
574 1850 634 1882 the
656 1854 830 1881 comatose
851 1850 940 1881 form
963 1849 1001 1880 os
1019 1848 1174 1886 malaria,
1196 1847 1260 1879 but
1281 1858 1390 1879 seems

201 1898 237 1926 to
254 1895 342 1925 have
361 1894 445 1925 been
463 1894 534 1924 also
552 1893 634 1924 used
652 1894 690 1924 of
704 1904 772 1934 any
789 1893 921 1923 disease
939 1891 1183 1932 accompanied
1201 1891 1248 1932 by
1265 1901 1372 1922 coma.

246 1943 257 1957 ⁶
283 1938 301 1949 “
318 1938 470 1977 Empiric
499 1936 687 1977 writings‚’'
718 1937 770 1967 i.e.
800 1936 838 1966 of
863 1936 922 1967 the
950 1935 1091 1976 Empire
1118 1934 1251 1966 School.
1298 1934 1388 1965 Here

200 1981 348 2022 perhaps
364 1981 382 1992 ‘⁵
399 1980 552 2020 Empiric
567 1979 846 2020 prescriptions.''

202 2037 247 2073 70
