1469 2299
151 239 187 270 61

149 666 189 695 62

149 1041 187 1070 053

148 1523 187 1550 ⁴54

423 131 615 168 PLINY:
663 131 923 168 NATURAL
957 131 1191 168 HISTORY

219 233 501 270 diffundebant
541 234 920 283 inveterabantque.
977 234 1139 270 sustulit
1181 239 1311 270 totum
1354 234 1390 270 id

220 290 480 336 Asclepiades
510 289 789 336 coarguitque,
818 300 961 323 -nam
993 290 1115 323 etiam
1145 289 1184 323 in
1214 286 1391 324 febribus

220 340 668 389 databant—profuisse
716 346 852 376 tamen
899 340 1083 376 fatetur1
1129 347 1269 377 contra
1314 354 1392 378 ser-

220 400 362 443 pentes
395 407 493 443 quas
524 407 640 442 sepas
673 399 817 430 vocant
848 399 890 430 et
921 400 1060 430 contra
1090 397 1314 430 meconium
1349 408 1393 431 ac

220 450 382 491 viscum,
405 453 446 484 et
467 450 622 497 anginis
643 447 815 483 calidum
836 450 1135 497 gargarizatum
1156 453 1197 484 et
1218 449 1392 491 auribus,

219 504 294 537 oris
320 548 323 549 ⁷
349 503 606 550 gutturisque
661 501 882 544 desideriis,
937 513 1040 549 quae
1103 514 1208 537 nunc
1261 505 1393 538 omnia

218 554 402 604 oxyalme
433 557 686 604 contingunt,
715 554 754 591 id
786 560 847 590 est
876 554 957 590 sale
988 560 1030 590 et
1060 560 1175 591 aceto
1215 561 1390 598 recente,

219 608 425 644 efficacius.

273 661 398 697 XXX.
430 661 530 697 Vino
559 667 732 710 cognata
760 673 820 697 res
849 673 946 710 sapa
975 667 1036 697 est
1065 666 1197 697 musto
1225 661 1392 698 decocto

220 714 347 751 donec
384 717 505 751 tertia
543 728 633 763 pars
669 717 855 763 supersit.
913 727 961 750 ex
1001 714 1090 750 albo
1127 714 1201 750 hoc
1237 715 1390 751 melius.

221 781 313 804 usus
336 774 474 804 contra
497 767 765 811 cantharidas,
787 768 1025 816 buprestim,
1047 771 1231 816 pinorum
1254 781 1391 805 erucas

220 835 318 870 quas
373 825 649 871 pityocampas
703 828 860 864 vocant,
913 821 1199 865 salamandras,
1251 828 1390 858 contra

220 875 446 911 mordentia
466 881 676 911 venenata.
733 875 929 911 secundas
948 881 1168 924 partusque
1188 882 1390 912 emortuos

218 928 341 964 trahit
386 942 475 964 cum
519 929 649 964 bulbis
694 934 846 976 potum.
904 928 1103 965 Fabianus
1146 934 1284 965 auctor
1328 935 1389 966 est

218 995 416 1018 venenum
440 994 539 1024 esse,
562 985 591 1017 si
615 984 702 1030 quis
724 984 879 1018 ieiunus
901 994 923 1017 a
944 981 1111 1018 balineis
1134 981 1173 1017 id
1194 982 1320 1018 bibat.

271 1035 419 1071 XXXI.
451 1035 710 1084 Consequens
738 1035 878 1071 horum
906 1041 968 1071 est
994 1034 1086 1071 faex
1114 1038 1173 1071 sui
1197 1038 1390 1085 cuiusque

216 1092 387 1138 generis.
445 1102 539 1139 ergo
561 1091 639 1125 vini
662 1088 840 1125 faecibus
861 1094 978 1125 tanta
998 1091 1054 1124 vis
1077 1094 1140 1125 est
1161 1094 1206 1125 ut
1227 1089 1391 1126 descen-

216 1142 360 1178 dentes
402 1145 441 1178 in
483 1155 605 1191 cupas
647 1148 802 1178 enecet.
848 1144 1175 1191 experimentum
1217 1142 1391 1179 demissa

217 1197 386 1245 praebet
426 1196 587 1232 lucerna
628 1195 820 1244 quamdiu
862 1198 1128 1245 extinguatur
1168 1196 1389 1245 periculum

216 1249 470 1286 denuntians.
501 1249 626 1286 inlota
640 1252 830 1286 miscetur
843 1249 1163 1292 medicamentis,
1177 1262 1268 1286 cum
1281 1250 1389 1286 iridis

217 1315 308 1339 vero
349 1306 431 1352 pari
463 1303 640 1352 pondere
672 1303 948 1352 eruptionibus
987 1305 1160 1351 pituitae
1196 1303 1389 1347 inlinitur,

217 1362 259 1392 et
289 1359 391 1392 sicca
423 1357 483 1392 vel
527 1356 689 1393 madida
720 1362 860 1393 contra
902 1355 1117 1405 phalangia
1149 1362 1192 1392 et
1222 1359 1389 1393 testium

212 1423 559 1459 mammarumque
607 1409 913 1446 inflammationi
953 1409 1015 1446 vel
1055 1412 1094 1445 in
1135 1423 1388 1460 quacumque

215 1469 330 1512 parte
359 1466 546 1513 corporiS‚
574 1466 673 1500 item
702 1477 793 1500 cum
821 1463 1033 1500 hordeacia
1062 1462 1191 1499 farina
1219 1469 1261 1500 et
1289 1466 1388 1501 turis

215 1517 361 1566 polline
382 1520 420 1553 in
441 1520 531 1553 vino
551 1523 676 1553 cocta.
733 1523 934 1553 crematur
954 1522 996 1553 et
1016 1519 1175 1553 siccata.
1233 1520 1388 1566 experi-

216 1577 397 1607 mentum
423 1577 484 1607 est
514 1571 694 1620 legitime
717 1576 856 1607 coctae
880 1576 925 1606 ut
948 1569 1187 1620 refrigerata
1210 1570 1387 1620 linguam

215 1630 327 1660 tactu
364 1624 549 1660 videatur
584 1637 711 1660 urere.
769 1624 975 1660 celerrime
1012 1627 1266 1660 exanimatur
1302 1625 1386 1661 loco

214 1691 291 1714 non
317 1678 466 1714 incluso
484 1677 498 1700 ²
525 1678 696 1714 condita.
765 1680 957 1714 crematio
983 1680 1018 1713 ei
1044 1678 1216 1714 multum
1243 1680 1385 1714 virium

262 1764 273 1782 ¹
299 1764 427 1794 fatetur
441 1764 524 1795 coni.
542 1763 639 1803 Silliq
655 1776 661 1794 :
691 1763 843 1794 fatentur
857 1763 945 1794 codd.

262 1806 273 1824 ²
299 1806 372 1837 loco
397 1817 464 1838 non
482 1806 610 1838 incluso
627 1805 788 1848 Dellessen
805 1817 878 1837 cum
893 1806 1016 1847 aliquot
1031 1806 1120 1838 codd.
1137 1819 1144 1837 ε
1174 1816 1241 1837 non
1260 1806 1386 1837 inclusa

220 1850 459 1890 Mayhoffcum
476 1850 564 1881 aliis.

274 1961 289 1976 ⁰
311 1957 360 1988 Cf.
381 1957 550 1990 XXVIII.
568 1957 584 1997 ξ
604 1958 663 1988 183
681 1957 821 1997 impetus
837 1956 975 1997 pituitae
992 1957 1028 1987 in
1038 1957 1137 1997 facie.

276 2000 288 2019 ⁶
312 2000 525 2032 Dioscorides
544 2001 582 2032 V.
604 2002 682 2031 114:
709 2000 865 2032 καυστέον
882 1999 916 2031 δὲ
941 2024 948 2031 .
976 2024 983 2031 .
1010 2025 1016 2031 .
1041 2000 1341 2041 προεξηραμμένην.

207 2063 277 2110 456
