1469 2299
49 432 108 462 112

53 859 111 890 113

55 1341 113 1371 114

339 112 534 149 PLINY:
579 112 840 150 NATURAL
874 113 1109 151 HISTORY

137 216 340 263 tertioque
373 213 438 250 die
471 216 511 250 in
543 213 626 250 sole
658 216 808 257 siccari,
841 213 968 250 donec
1001 214 1192 251 candidus
1227 214 1310 259 fiat,

137 267 284 304 cotidie
322 273 457 304 autem
497 273 591 303 ante
629 267 753 304 solem
790 267 1042 304 occidentem
1078 270 1118 304 in
1155 273 1310 305 tectum

136 320 288 364 referri,
315 323 502 370 quoniam
529 321 770 370 palustribus
797 321 968 358 desectis
994 324 1177 358 nocturni
1203 334 1310 358 rores

138 380 320 411 noceant.

188 427 333 464 LXIX.
362 426 513 464 Similia
568 429 764 476 praecipit
817 433 860 464 et
916 427 968 464 de
1020 429 1136 464 iunco
1190 441 1310 477 quern

137 484 349 518 mariscum
377 481 595 530 appellant,
623 481 674 517 ad
701 480 897 518 texendas
924 486 1085 530 tegetes
1113 486 1155 518 et
1181 483 1311 530 ipsum

139 534 253 571 Iunio
280 547 418 571 mense
446 536 565 570 eximi
593 534 644 570 ad
673 534 817 571 Iulium
844 534 1021 571 medium
1049 537 1310 584 praecipiens,

137 594 274 624 cetera
306 588 356 624 de
388 587 572 624 siccando
605 587 748 624 eadem
780 600 884 637 quae
917 587 968 624 de
1000 587 1092 624 ulva
1123 601 1194 625 suo
1226 588 1311 625 loco

139 641 323 678 diximus.
379 641 549 678 alterum
572 654 698 691 genus
721 643 926 677 iuncorum
949 640 1045 677 facit
1068 641 1174 691 quod
1197 643 1310 678 mari-

138 708 233 731 num
258 700 299 731 et
323 708 346 731 a
367 695 528 731 Graecis
553 694 834 745 oxyschoenon
859 697 987 731 vocari
1012 697 1181 732 invenio.
1236 697 1313 732 tria

138 761 287 797 genera
317 750 423 784 eius:
467 750 587 790 acuti,
617 748 775 791 sterilis,
805 761 925 797 quern
953 761 1105 785 marem
1135 754 1177 785 et
1205 762 1312 799 oxyn

139 802 278 838 Graeci
327 807 493 846 vocant;
541 801 693 851 reliqua
730 801 925 845 feminini,
964 801 1130 838 ferentis
1174 814 1312 838 semen

140 858 308 906 nigrum.
364 868 485 904 quem
509 855 794 892 melancranim
819 855 1038 904 appellant,
1063 857 1227 892 crassior
1250 854 1314 892 hic

139 914 180 945 et
231 908 467 952 fruticosior,
518 911 727 959 magisque
779 911 1000 945 etiamnum
1051 911 1195 945 tertius
1246 911 1313 958 qui

138 968 302 999 vocatur
324 961 623 999 holoschoenus.
680 975 729 998 ex
753 961 812 999 his
836 962 1097 999 melancranis
1120 965 1204 998 sine
1229 962 1313 999 aliis

138 1016 354 1066 generibus
395 1018 584 1059 nascitur,
624 1029 723 1065 oxys
764 1021 901 1052 autem
944 1021 986 1052 et
1027 1015 1313 1052 holoschoenus

139 1069 281 1106 eodem
301 1072 491 1118 caespite.
547 1069 777 1106 utilissimus
797 1069 848 1106 ad
868 1069 992 1105 vitilia
1012 1068 1312 1113 holoschoenus,

140 1125 233 1172 quia
263 1123 388 1159 mollis
420 1128 462 1160 et
491 1135 677 1159 carnosus
708 1128 782 1160 est.
838 1122 917 1159 fert
946 1122 1120 1159 fructum
1150 1136 1313 1159 ovorum

139 1175 441 1213 cohaerentium
477 1176 607 1213 modo.
663 1178 839 1213 nascitur
875 1182 1012 1213 autem
1048 1182 1090 1213 et
1125 1178 1156 1213 is
1193 1189 1313 1225 quern

139 1243 291 1266 marem
337 1229 623 1279 appellavimus
669 1243 717 1266 ex
763 1232 981 1279 semetipso
1024 1231 1229 1266 cacumine
1273 1231 1314 1265 in

139 1289 288 1320 terram
337 1283 483 1327 defixo,
532 1283 794 1320 melancranis
843 1289 980 1320 autem
1029 1297 1100 1319 suo
1147 1285 1312 1320 semine.

140 1337 284 1387 alioqui
311 1339 488 1373 omnium
513 1336 665 1373 radices
690 1337 873 1374 omnibus
899 1339 1010 1373 annis
1035 1338 1315 1373 intermoriun-

138 1396 216 1427 tur.
272 1404 364 1426 usus
396 1391 446 1427 ad
475 1404 610 1427 nassas
641 1393 826 1433 marinas,
858 1390 1026 1426 vitilium
1056 1389 1314 1440 elegantiam,

140 1444 390 1480 lucernarum
414 1444 577 1488 lumina,
601 1446 815 1493 praecipua
838 1443 1027 1487 medulla,
1050 1443 1315 1493 amplitudine

140 1500 253 1534 iuxta
269 1500 488 1534 maritimas
506 1498 629 1547 Alpes
646 1503 762 1534 tanta
779 1503 823 1534 ut
839 1500 961 1535 inciso
978 1503 1118 1534 ventre
1134 1497 1316 1546 inpleant

140 1564 269 1600 paene
319 1554 525 1588 unciarum
572 1551 843 1595 latitudinem,
893 1553 932 1587 in
982 1551 1173 1601 Aegypto
1221 1563 1315 1587 vero

186 1724 200 1738 ⁴²
223 1720 304 1751 This
322 1720 349 1751 is
367 1720 538 1762 supposed
556 1724 594 1751 to
612 1720 698 1751 refer
715 1724 753 1751 to
771 1721 785 1759 ξ
803 1721 874 1751 111.

187 1762 199 1782 ⁶
222 1763 293 1794 The
323 1767 400 1795 text
431 1765 458 1795 is
489 1763 641 1805 possibly
672 1767 822 1804 corrupt.
869 1763 1058 1795 Cribrorum
1089 1763 1117 1793 is
1147 1761 1316 1803 probably

140 1806 242 1846 right,
261 1806 361 1847 being
377 1817 397 1837 a
414 1817 498 1847 very
514 1806 653 1837 natural
668 1806 760 1837 word
778 1806 831 1837 for
847 1816 911 1837 one
928 1805 1003 1836 who
1020 1805 1140 1836 wishes
1157 1808 1194 1836 to
1210 1805 1316 1845 speak

140 1848 179 1879 of
190 1859 210 1879 a
225 1848 326 1880 small
340 1849 427 1885 hole,
444 1849 508 1880 but
522 1849 582 1880 the
597 1848 664 1880 last
678 1848 755 1880 four
770 1849 880 1880 words
894 1859 985 1879 seem
1000 1847 1176 1889 pointless.
1220 1848 1315 1888 May·

139 1891 240 1922 hoff's
260 1892 457 1931 conjecture
478 1892 687 1931 (cubitorum)
709 1902 849 1923 means:
885 1891 905 1904 “
920 1890 1018 1922 while
1039 1892 1073 1922 in
1096 1891 1213 1932 Egypt
1232 1890 1316 1931 they

139 1944 197 1965 are
219 1944 239 1965 a
261 1934 357 1966 cubit
379 1935 413 1966 in
435 1934 566 1976 length,
588 1934 699 1966 which
719 1935 748 1966 is
769 1937 832 1966 not
853 1944 874 1965 a
896 1944 990 1966 more
1010 1933 1122 1966 useful
1141 1934 1210 1965 sizo
1229 1933 1316 1965 than

139 1977 292 2008 others.”

140 2056 208 2090 242
