1469 2299
392 104 586 142 PLINY:
630 106 891 143 NATURAL
925 106 1158 144 HISTORY

184 206 440 257 minyanthes
476 220 524 244 ex
564 220 612 243 eo
646 207 933 256 appellavimus
969 208 1086 250 tradi,
1123 208 1249 245 multa
1283 208 1360 244 alia

102 276 158 308 153
185 277 396 320 praeterea
419 274 459 307 in
483 271 669 308 remediis
695 274 778 307 eius
803 272 983 308 adscribi.
1039 273 1108 308 sed
1135 285 1198 308 me
1222 279 1360 309 contra

186 338 408 371 sententias
441 348 577 371 eorum
609 338 828 385 gravissimi
862 338 929 371 viri
964 339 1180 373 auctoritas
1212 342 1360 379 movet,

187 398 401 449 Sophocles
438 402 542 435 enim
579 405 700 448 poeta
735 405 978 436 venenatum
1015 400 1053 436 id
1089 400 1198 443 dicit,
1234 400 1360 437 Simos

188 476 347 513 quoque
392 476 441 500 ex
485 463 662 505 medicis,
706 463 859 500 decocti
905 469 976 500 aut
1017 466 1176 500 contriti
1222 477 1359 500 sucum

186 527 360 564 infusum
401 530 551 577 corpori
594 527 755 564 easdem
797 527 980 564 uredines
1020 527 1152 564 facere
1192 542 1290 578 quas
1330 531 1360 565 si

186 594 380 641 percussis
421 605 443 627 a
482 597 671 641 serpente
711 594 938 641 inponatur.
994 605 1088 642 ergo
1130 606 1206 628 non
1247 592 1363 629 aliter

190 656 385 692 utendum
417 669 464 693 eo
495 670 614 705 quam
645 662 783 692 contra
815 669 966 692 venena
997 659 1232 692 censuerim.
1288 655 1362 693 for-

188 722 303 756 tassis
321 722 427 756 enim
445 726 486 756 et
502 719 562 756 his
579 722 741 756 venenis
759 722 863 756 inter
879 733 920 756 se
938 723 1135 756 contraria
1151 722 1202 756 sit
1219 726 1364 757 natura

189 786 291 821 sicut
328 784 463 821 multis
502 784 599 820 aliis.
654 787 751 820 item
791 784 1067 821 animadverto
1104 797 1241 821 semen
1280 787 1363 822 eius

188 851 299 885 cuius
326 851 489 885 minima
516 851 596 885 sint
623 847 715 885 folia
744 848 840 884 utile
869 861 954 884 esse
983 848 1032 884 ad
1059 848 1363 886 custodiendam

189 912 400 949 mulierum
424 915 525 949 cutis
548 915 721 962 gratiam
744 914 782 948 in
806 912 906 948 facie
931 912 1100 949 inlitum.

103 981 163 1012 154
241 977 464 1013 LXXXIX.
494 976 694 1027 Thymum
719 976 848 1026 colligi
875 982 1035 1026 oportet
1060 979 1098 1012 in
1124 975 1232 1021 flore,
1258 982 1300 1013 et
1324 979 1363 1013 in

190 1041 329 1077 umbra
356 1043 504 1078 siccari.
560 1041 639 1077 duo
666 1047 802 1077 autem
830 1047 923 1077 sunt
949 1054 1100 1091 genera
1127 1043 1233 1077 eius:
1274 1054 1365 1077 can-

189 1105 326 1142 didum
356 1105 489 1142 radice
520 1105 685 1155 lignosa,
714 1107 753 1141 in
783 1105 947 1142 collibus
977 1118 1156 1149 nascens,
1186 1105 1292 1155 quod
1323 1111 1365 1142 et

189 1169 429 1218 praefertur,
451 1169 622 1206 alterum
645 1171 794 1219 nigrius
817 1169 1001 1219 florisque
1024 1171 1137 1219 nigri.
1194 1175 1365 1219 utraque

189 1234 391 1271 oculorum
416 1234 587 1270 claritati
613 1234 784 1270 multum
811 1233 990 1270 conferre
1016 1235 1298 1270 existimantur
1323 1239 1365 1270 et

192 1300 230 1333 in
268 1299 355 1335 cibo
393 1304 434 1335 et
470 1301 509 1334 in
547 1298 864 1340 medicamentis,
901 1300 999 1334 item
1036 1297 1215 1334 diutinae
1252 1300 1365 1342 tussi,

104 1366 163 1399 155
191 1362 403 1412 ecligmate
433 1362 567 1399 faciles
597 1364 871 1398 excreationes
900 1361 1032 1398 facere
1060 1375 1151 1398 cum
1179 1367 1294 1398 aceto
1323 1367 1365 1399 et

189 1426 284 1469 sale,
304 1429 539 1477 sanguinem
559 1439 812 1463 concrescere
833 1440 909 1462 non
931 1428 1013 1475 pati
1034 1439 1054 1462 e
1074 1425 1206 1470 melle,
1227 1425 1364 1476 longas

190 1490 363 1527 faucium
398 1491 688 1528 destillationes
722 1496 837 1527 extra
869 1489 983 1526 inlita
1015 1503 1105 1526 cum
1137 1492 1263 1539 sinapi
1298 1503 1367 1527 ex-

191 1560 374 1599 tenuare,
411 1558 508 1592 item
545 1554 738 1591 stomachi
777 1560 819 1591 et
856 1556 1003 1590 ventris
1041 1556 1148 1591 vitia.
1203 1554 1366 1592 modicis

191 1625 328 1656 tamen
360 1619 555 1656 utendum
588 1625 663 1663 est,
693 1620 881 1669 quoniam
911 1618 1193 1663 excalfaciunt,
1222 1632 1302 1669 qua
1329 1621 1366 1655 vi

191 1686 339 1721 sistunt
359 1684 505 1727 alvum,
526 1696 629 1733 quae
650 1686 681 1720 si
703 1682 934 1720 exulcerata
953 1685 1018 1726 sit,
1039 1683 1190 1719 denarii
1211 1682 1366 1732 pondus

239 1841 253 1855 ⁰
277 1836 309 1866 It
329 1837 356 1866 is
376 1840 435 1866 not
455 1835 544 1866 clear
562 1835 713 1865 whether
731 1834 799 1865 this
821 1834 921 1865 refers
940 1839 976 1865 to
997 1834 1215 1875 minyanthes
1233 1834 1313 1876 only
1332 1845 1369 1865 or

194 1883 231 1910 to
251 1879 363 1909 trefoil
383 1879 565 1919 generally.

242 1922 253 1940 ⁶
278 1922 333 1957 Or,
376 1922 394 1933 ‘⁶
411 1922 505 1952 these
543 1922 679 1962 poisons
719 1920 807 1951 have
845 1930 866 1950 a
906 1919 1072 1960 mutuafly
1113 1920 1368 1960 counteracting

195 1965 337 2005 quality,
356 1975 392 1995 as
411 1975 514 2005 many
532 1965 630 1996 other
647 1963 760 2004 things
777 1963 900 1994 have.''

194 2042 262 2073 270
