1469 2299
393 117 587 155 PLINY:
632 117 894 155 NATURAL
927 117 1163 155 HISTORY

185 225 348 270 guntur,
384 233 475 256 cum
512 219 725 269 plurimum
763 219 909 256 valent.
965 233 1080 256 sucus
1118 233 1276 269 quoque
1315 232 1362 256 ex

185 281 284 315 tusis
311 291 520 328 expressus
546 284 616 315 aut
641 278 815 315 decoctis
841 278 946 314 utilis
973 278 1018 314 fit
1043 281 1214 327 corporis
1240 278 1362 314 dolori

185 350 275 373 cum
306 337 438 380 melle,
469 337 576 374 idern
607 337 769 374 odorem
800 339 971 386 corporis
1002 337 1219 373 iucundum
1251 336 1365 373 affec-

186 397 379 439 tantibus,
398 409 486 432 curn
505 398 549 432 iri
569 396 678 432 arida
698 402 739 432 et
756 395 846 432 salis
866 398 1022 445 exiguo.
1078 395 1170 432 folia
1189 401 1231 432 et
1248 409 1366 445 supra

186 454 301 491 dictis
326 455 541 491 medentur
565 460 607 491 et
630 457 805 498 strumis,
830 457 956 504 panis,
981 454 1177 491 ulceribus
1201 457 1240 490 in
1265 454 1366 491 facie

186 513 353 550 decocta
382 516 421 550 in
452 516 553 550 vino.
608 516 703 550 cinis
735 526 756 549 e
788 513 918 550 radice
949 513 1144 562 alopecias
1176 513 1365 550 emendat

188 578 229 608 et
259 575 376 608 rimas
408 572 556 622 pedum
586 572 786 622 sedisque,
817 572 1007 608 decoctae
1038 572 1178 608 radicis
1210 575 1249 608 in
1279 572 1366 608 oleo

187 645 302 667 sucus
338 634 548 680 perniones
583 637 625 667 et
660 632 857 668 ambusta.
913 636 955 667 et
989 633 1176 680 gravitati
1213 633 1366 667 aurium

187 689 424 733 infunditur,
467 703 490 726 a
532 693 730 726 contraria
772 702 868 726 aure
911 692 951 725 in
993 689 1128 726 dolore
1171 689 1365 726 dentium.

188 749 351 797 prodest
374 755 415 785 et
437 751 574 785 urinae
597 754 693 798 pota
715 748 868 785 modice
891 748 1003 785 radix
1027 754 1068 785 et
1089 751 1303 785 menstruis
1326 754 1368 785 et

188 807 322 844 lateris
363 807 576 851 doloribus,
616 810 714 844 item
754 809 894 856 ruptis,
933 806 1140 850 convulsis,
1180 807 1368 851 tussibus,

188 866 402 902 drachmae
434 867 611 915 pondere
643 869 682 902 in
713 868 803 902 vino
835 871 943 915 pota.
1000 865 1142 902 eadem
1175 871 1217 902 et
1247 868 1369 902 vomi-

189 927 317 961 tiones
342 925 503 961 adiuvat
528 925 871 961 commanducata.
927 927 1078 961 semine
1103 930 1263 974 sumpto
1287 930 1369 961 tur-

188 984 307 1020 batur
350 990 502 1020 venter.
558 983 820 1034 Chrysermus
865 989 907 1020 et
950 983 1152 1032 parotidas
1195 986 1236 1019 in
1279 985 1368 1020 vino

189 1042 355 1079 decocta
376 1043 507 1079 radice
529 1045 694 1086 curavit,
716 1045 813 1079 item
834 1047 1006 1079 strumas
1027 1042 1207 1079 admixta
1226 1041 1369 1092 cachry

191 1114 239 1138 ex
265 1104 366 1138 vino.
423 1101 586 1151 quidam
612 1104 738 1145 aiunt,
762 1104 792 1138 si
818 1103 990 1151 inposita
1015 1101 1146 1138 radice
1170 1114 1261 1151 pars
1286 1103 1369 1137 eius

189 1163 229 1196 in
263 1159 373 1197 fumo
407 1160 677 1210 suspendatur
711 1166 936 1210 quartoque
970 1159 1035 1196 die
1069 1159 1257 1204 solvatur,
1292 1173 1371 1196 una

190 1233 280 1255 cum
301 1219 433 1256 radice
457 1232 635 1256 arescere
657 1225 864 1256 strumam.
921 1218 1079 1256 Diocles
1101 1218 1152 1255 ad
1173 1218 1370 1269 podagras

191 1284 360 1328 utroque
399 1278 531 1322 modo,
565 1284 678 1315 cocta
715 1278 918 1327 crudaque
957 1291 1050 1314 usus
1090 1283 1165 1321 est,
1199 1277 1249 1314 ad
1283 1290 1370 1327 per-

191 1340 327 1374 niones
351 1337 517 1374 decocta
545 1350 593 1374 ex
624 1337 734 1381 oleo3
782 1336 895 1373 dedit
912 1337 924 1360 ¹
957 1342 999 1373 et
1025 1335 1180 1373 suffusis
1208 1335 1302 1373 felle
1331 1339 1370 1372 in

191 1399 280 1433 vino
307 1401 349 1433 et
373 1395 612 1447 hydropicis.
667 1409 855 1432 venerem
881 1408 1041 1445 quoque
1066 1397 1254 1432 concitari
1280 1408 1370 1432 cum

191 1457 280 1492 vino
316 1460 358 1491 et
391 1455 509 1492 melle
543 1457 745 1505 perunctis
781 1460 851 1491 aut
885 1455 1116 1491 bibentibus
1151 1453 1367 1490 tradidere.

149 1528 154 1534 ·
192 1514 437 1550 Xenocrates
459 1520 500 1551 et
519 1513 708 1557 lichenas,
727 1527 876 1563 psoras,
896 1513 1025 1563 lepras
1045 1512 1177 1549 radice
1196 1515 1236 1549 in
1257 1518 1371 1549 aceto

191 1573 357 1610 decocta
372 1573 455 1610 tolli
473 1573 583 1617 dicit,
598 1575 697 1610 item
714 1575 816 1609 sicca
831 1585 922 1609 cum
937 1573 952 1595 2
968 1571 1210 1622 hyoscyamo
1227 1577 1268 1608 et
1284 1574 1370 1621 pice

241 1668 252 1687 ¹
277 1672 341 1703 est,
376 1668 419 1699 ad
455 1669 633 1709 perniones
673 1667 816 1698 decocta
849 1678 890 1698 ex
919 1666 1011 1703 ole0;
1058 1666 1171 1697 dedit:
1215 1667 1263 1697 sic
1295 1666 1370 1697 dist.

198 1711 238 1742 M
241 1711 356 1751 ayhoss
367 1723 373 1742 ε
399 1715 462 1742 est.
509 1711 552 1741 ad
566 1711 744 1751 perniones
756 1710 935 1741 decoctam
947 1720 989 1740 ex
1002 1709 1075 1740 oleo
1088 1709 1184 1740 dedit
1197 1709 1371 1750 Deilessen.

242 1754 254 1773 ²
276 1755 365 1784 sicca
383 1765 459 1785 cum
483 1753 664 1794 Dctlessen:
699 1762 780 1784 suco
795 1763 871 1783 cum
890 1752 1061 1793 Mayhoff:
1088 1753 1114 1783 si
1130 1762 1268 1783 coccum
1283 1752 1371 1784 codd.

199 1797 226 1827 si
244 1802 342 1828 cocta
359 1798 403 1828 sit
421 1807 498 1828 cum
516 1796 600 1837 vuly.

239 1904 253 1918 ⁰
276 1899 311 1930 It
333 1900 360 1930 is
383 1903 445 1930 not
469 1900 597 1930 certain
626 1899 719 1929 what
747 1898 816 1929 this
844 1908 931 1934 was;
966 1897 1113 1938 perhaps
1141 1897 1200 1928 the
1224 1894 1312 1927 fruit
1338 1895 1377 1927 of

196 1942 333 1974 Lecolsia
362 1942 489 1974 cretica.
536 1942 597 1973 See
626 1941 883 1983 Theophrastus
913 1941 978 1973 IX.
1011 1942 1062 1978 ll,
1094 1941 1145 1977 10,
1176 1939 1286 1970 where
1315 1939 1374 1970 the

194 1985 356 2016 libanotis
378 1986 405 2017 is
428 1984 615 2016 described.

192 2057 260 2094 342
