1469 2299
71 314 110 343 ‘24

71 1166 114 1197 26

342 98 535 135 PLINY:
581 99 841 136 NATURAL
874 98 1109 135 HISTORY

139 207 294 245 vocant,
319 215 484 237 nascens
509 214 581 250 per
605 200 792 244 frutecta,
819 200 924 237 nullo
949 200 1070 237 odore
1096 213 1168 237 nec
1192 202 1312 237 crocis

139 258 258 298 intus,
287 255 499 291 candorem
528 260 687 291 tantum
716 253 892 290 referens
921 267 966 290 ac
994 253 1117 290 veluti
1147 259 1313 290 naturae

139 308 409 345 rudimentum
459 308 537 344 lilia
587 307 718 344 facere
767 307 1042 344 condiscentis.
1097 306 1186 343 alba
1235 307 1313 343 lilia

140 361 263 398 isdem
294 362 474 398 omnibus
504 361 629 397 modis
658 366 844 397 seruntur
871 361 1013 409 quibus
1042 373 1142 403 rosa,
1172 366 1213 396 et
1241 359 1314 396 hoc

139 414 306 463 amplius
338 414 499 450 lacrima
530 427 600 450 sua
632 420 677 451 ut
708 413 1013 463 hipposelinum,
1045 413 1221 462 nihilque
1254 419 1314 450 est

141 468 345 504 fecundius
370 481 449 504 una
473 467 604 504 radice
629 469 930 517 quinquagenos
955 479 1075 515 saepe
1101 469 1314 503 emittente

140 521 290 558 bulbos.
347 527 407 558 est
445 527 486 557 et
522 521 666 557 rubens
702 520 826 557 lilium
862 519 966 569 quod
1004 520 1144 556 Graeci
1181 521 1313 556 crinon

141 580 295 618 vocant,
316 574 379 610 alii
399 574 535 610 florem
557 576 639 610 eius
659 572 945 624 cynorrhodon.
1000 572 1314 610 laudatissimum

141 631 179 664 in
204 627 416 664 Antiochia
441 641 486 664 ac
512 627 712 664 Laudicea
735 626 887 677 Syriae,
912 639 1003 663 mox
1029 628 1068 662 in
1093 625 1314 663 Phaselide.

140 687 326 731 quartum
352 681 479 717 locum
504 683 661 730 optinet
685 683 724 716 in
752 680 867 716 Italia
891 692 1067 716 nascens.

190 734 283 770 XII.
305 734 404 770 Sunt
421 740 460 770 et
475 746 674 783 purpurea
686 733 780 777 lilia,
793 733 1006 782 aliquando
1018 735 1178 783 gemino
1190 732 1316 775 caule,

140 790 361 824 carnosiore
407 793 566 824 tantum
613 787 745 823 radice
792 789 1029 835 maiorisque
1076 785 1199 829 bulbi,
1245 785 1315 822 sed

140 844 268 885 unius,
292 843 508 877 narcissum
531 846 685 877 vocant.
740 839 855 876 huius
879 839 1049 876 alterum
1073 852 1197 889 genus
1223 839 1316 875 flore

140 895 322 938 candido,
350 894 471 931 calice
499 907 710 943 purpureo.
765 892 989 930 differentia
1018 906 1040 929 a
1068 892 1156 929 liliis
1185 898 1246 929 est
1275 898 1317 929 et

140 947 252 992 haec,
283 948 389 997 quod
422 950 599 984 narcissis
631 949 671 983 in
701 946 833 984 radice
864 946 957 983 folia
987 952 1093 989 sunt,
1125 946 1317 995 probatis-

141 1003 246 1038 simis
291 1004 331 1037 in
377 1001 524 1051 Lyciae
567 1000 781 1037 montibus.
835 1002 958 1036 tertio
1001 1001 1137 1049 generi
1182 1004 1317 1035 cetera

142 1054 297 1098 eadem,
327 1054 427 1091 calix
458 1054 688 1091 herbaceus.
743 1065 880 1090 omnes
910 1055 1086 1096 serotini,
1117 1058 1207 1101 post
1236 1065 1318 1088 arc-

141 1114 275 1145 turum
299 1110 403 1144 enim
425 1107 567 1144 florent
590 1120 635 1144 ac
655 1120 728 1157 per
749 1108 1044 1156 aequinoctium
1067 1112 1315 1142 autumnum.

193 1162 310 1199 XIII.
342 1162 512 1198 Inventa
537 1166 598 1198 est
623 1166 664 1198 et
688 1163 728 1197 in
751 1159 811 1196 his
835 1162 936 1196 ratio
960 1158 1160 1195 inficiendi
1177 1158 1191 1181 ¹
1215 1171 1325 1195 mon-

139 1214 319 1253 strifica2
360 1214 565 1251 hominum
606 1216 787 1264 ingeniis.
842 1211 1111 1263 colligantur3
1151 1224 1325 1261 namque

192 1344 203 1363 1
227 1341 399 1374 inficiendi
417 1340 530 1380 Silliq:
561 1339 730 1371 inserendi
747 1337 850 1374 codd„
871 1337 1044 1376 Decies-sen,
1062 1333 1225 1374 Mayhoff.

190 1388 202 1406 ²
226 1387 437 1418 monstrifica
467 1391 555 1425 (cum
585 1384 733 1423 serendi)
763 1383 848 1414 coni.
884 1381 1057 1422 Mayhoff:
1102 1379 1320 1412 monstrificis

147 1430 323 1470 Detlessen,
340 1435 368 1461 et
386 1429 438 1469 (in
453 1433 554 1467 textu)
574 1426 730 1468 Mayhoff
741 1436 815 1457 cum
828 1425 915 1457 codd.

191 1474 204 1492 ³
227 1473 432 1514 colligantur
447 1470 635 1507 Schneider,
655 1469 812 1510 Maylwff
824 1481 830 1500 ι
858 1467 1063 1508 eolh‘guntur
1081 1465 1171 1498 codd.

188 1618 203 1632 ⁰
224 1613 296 1644 The
315 1612 485 1648 methods‚
503 1610 543 1642 of
557 1621 686 1647 course,
705 1620 762 1641 are
781 1610 876 1650 quite
893 1607 1087 1639 dissimilar.

191 1656 203 1676 ⁶
227 1657 272 1687 As
290 1656 342 1687 far
360 1666 397 1686 as
416 1665 464 1685 we
483 1664 546 1686 can
564 1664 619 1684 see
636 1653 696 1684 the
714 1654 831 1684 crinon
850 1661 918 1682 was
936 1650 1042 1691 really
1061 1649 1174 1680 white.

190 1704 202 1719 ⁶
224 1699 307 1735 Not,
326 1698 364 1729 of
378 1708 508 1734 course,
526 1707 588 1727 our
605 1696 773 1737 dog—rose.

189 1742 202 1761 ἀ
226 1742 297 1773 The
330 1742 483 1772 Romans
514 1739 584 1770 had
615 1750 636 1770 a
668 1749 752 1780 poor
783 1737 1022 1769 colour-sense.
1067 1735 1264 1774 Purpureus
1294 1733 1322 1763 is

144 1785 227 1816 used
247 1784 285 1816 of
300 1795 405 1824 many
423 1783 546 1814 shades
565 1782 604 1813 of
618 1782 677 1812 red
696 1780 765 1812 and
784 1781 913 1816 brown,
933 1779 1033 1819 being
1051 1776 1188 1819 applied
1207 1779 1244 1806 to
1263 1775 1323 1806 the

145 1828 256 1863 dawn,
277 1831 314 1858 to
335 1827 489 1867 poppies,
508 1829 546 1856 to
567 1836 586 1855 a
607 1824 652 1865 fig
672 1824 741 1855 and
761 1833 847 1854 even
867 1826 904 1853 to
923 1821 984 1853 tho
1004 1831 1072 1852 sea.
1119 1819 1236 1860 virgil,
1256 1818 1323 1849 like

146 1871 257 1911 Pliny,
278 1880 356 1910 says
377 1870 456 1900 that
476 1868 535 1899 the
556 1867 724 1898 narcissus
744 1867 772 1897 is
793 1875 982 1906 purpureus
1002 1863 1173 1903 (Ecloques
1193 1861 1233 1892 V.
1255 1862 1323 1901 38).

145 1914 226 1944 This
245 1913 362 1943 makes
381 1912 441 1943 the
459 1911 609 1951 identity
628 1910 667 1941 of
682 1909 741 1941 the
761 1909 874 1940 flower
893 1906 1066 1943 doubtful,
1085 1903 1267 1946 especially
1286 1913 1323 1934 as

146 1957 173 1987 it
188 1957 215 1987 is
231 1956 305 1987 said
320 1959 357 1987 to
374 1955 488 1986 bloom
503 1954 584 1991 late,
600 1952 669 1984 and
684 1962 747 1983 our
761 1951 932 1982 narcissus
946 1950 974 1981 is
989 1960 1010 1981 a
1024 1949 1141 1990 spring
1155 1947 1279 1979 flower.

149 2017 216 2064 178
