1469 2299
405 165 598 202 PLINY:
644 164 906 202 NATURAL
941 164 1176 202 HISTORY

160 296 163 299 .
206 266 318 303 radix
339 266 507 303 decocta
537 269 578 303 in
598 279 702 316 aqua
731 272 829 316 pota
858 269 897 302 in
919 269 995 302 vini
1017 266 1087 303 Coi
1108 266 1264 317 cyathis
1284 267 1380 304 duo-

138 914 173 942 21

207 321 279 356 bus
302 333 481 356 umorem
505 320 581 356 alvi
597 320 708 362 ciet,1
731 320 821 356 ideo
842 319 1070 370 hydropicis
1091 320 1222 357 datur.
1280 320 1380 357 hanc

204 376 337 423 potius
358 374 596 410 crediderim
619 386 705 410 esse
728 387 846 423 quam
871 373 1011 423 vulgus
1035 387 1150 409 uvam
1173 377 1381 410 taminiam

158 444 171 463 ι
205 432 332 463 vocat.
391 433 561 463 utuntur
587 440 633 463 ea
660 440 729 476 pro
756 427 933 463 amuleto
960 432 1001 462 et
1027 427 1076 463 ad
1104 430 1381 476 expuitionem

204 483 408 530 sanguinis
424 494 584 530 quoque
601 480 810 523 adhibent,
824 494 904 516 non
919 480 1024 516 ultra
1038 483 1381 530 gargarizationes

205 540 260 577 et,
295 547 344 570 ne
379 534 475 583 quid
510 534 740 576 devoretur,
774 533 912 570 addito
946 533 1043 577 sale,
1076 533 1232 583 thymo,
1267 541 1382 571 aceto

204 587 343 624 mulso.
400 587 491 624 ideo
513 593 553 624 et
574 587 882 637 purgationibus
904 589 1122 635 ancipitem
1145 593 1303 636 putant.

255 640 340 677 XV.
371 641 444 677 Est
463 640 554 677 huic
572 641 724 684 similis,
742 641 812 677 sed
832 643 871 676 in
889 640 1038 676 salictis
1056 653 1236 677 nascens.
1293 641 1383 678 ideo

204 694 467 744 distinguitur
498 697 673 737 nomine,
704 708 794 730 cum
827 694 989 730 eosdem
1022 707 1114 730 usus
1144 693 1309 737 habeat,
1341 699 1383 731 et

205 747 454 784 salicastrum
481 754 658 784 vocatur.
719 748 894 784 scabiem
921 752 962 783 et
988 749 1233 797 pruriginem
1258 747 1381 784 homi-

207 814 300 837 num
348 801 725 850 quadripedumque
781 806 896 837 aceto
950 800 1078 837 mulso
1132 803 1227 837 trita
1283 801 1383 838 haec

205 855 401 891 efficacius
423 854 540 891 tollit.

261 907 368 944 XVI.
401 908 501 944 Vitis
522 907 612 944 alba
633 912 694 944 est
715 920 835 956 quam
857 906 1000 943 Graeci
1021 907 1207 956 ampelon
1227 906 1384 951 leucen,

205 961 269 997 alii
307 960 535 1012 staphylen,
573 961 636 997 alii
675 960 917 1003 melothi-on,
955 960 1018 996 alii
1057 960 1282 1009 psilotrum,
1319 961 1381 997 alii

206 1014 484 1057 archezostim,
526 1014 590 1050 alii
631 1014 828 1056 cedrosin,
869 1014 933 1049 alii
974 1014 1120 1050 madon
1162 1014 1382 1063 appellant.

206 1067 322 1104 huius
353 1073 557 1104 sarmenta
588 1068 716 1117 longis
738 1073 779 1104 et
809 1067 979 1104 exilibus
1010 1067 1245 1104 internodiis
1273 1070 1378 1117 geni-

205 1121 339 1158 culata
357 1121 568 1158 scandunt.
625 1120 719 1157 folia
738 1123 973 1170 pampinosa
992 1120 1043 1157 ad
1060 1121 1382 1170 magnitudinem

206 1174 380 1211 hederae
405 1175 639 1212 dividuntur
663 1181 706 1211 ut
732 1177 885 1211 vitium.
942 1174 1055 1210 radix
1080 1174 1184 1217 alba,
1208 1175 1384 1224 grandis,

207 1228 384 1278 raphano
437 1228 573 1265 similis
627 1230 752 1264 initio.
810 1240 858 1264 ex
913 1240 960 1263 ea
1011 1227 1145 1264 caules
1197 1230 1385 1278 asparagi

206 1282 469 1318 similitudine
502 1287 667 1318 exeunt.
724 1281 761 1317 hi
796 1281 951 1317 decocti
984 1283 1024 1317 in
1056 1281 1145 1317 cibo
1177 1281 1309 1318 alvum
1343 1287 1385 1318 et

139 1348 166 1369 ·.·
208 1338 361 1371 urinam
399 1338 519 1371 cient.
577 1334 671 1371 folia
708 1340 749 1371 et
786 1334 920 1370 caules
957 1334 1193 1371 exulcerant
1229 1348 1385 1384 corpus,

208 1391 348 1438 utique
388 1388 563 1425 ulcerum
601 1388 876 1438 phagedaenis
913 1393 954 1424 et
990 1390 1232 1437 gangraenis
1269 1389 1385 1424 tibia-

207 1455 376 1492 rumque
402 1442 538 1478 taedio
563 1455 652 1478 eum
680 1441 762 1478 sale
789 1441 1024 1477 inlinuntur.
1080 1454 1218 1478 semen
1245 1443 1285 1478 in
1310 1455 1387 1478 uva

207 1498 302 1532 raris
324 1498 446 1532 acinis
476 1495 697 1545 dependet,
721 1508 815 1532 suco
845 1495 1032 1538 rubente,
1054 1500 1196 1544 postea
1215 1497 1383 1532 crocino.

206 1562 353 1586 novere
387 1549 424 1586 id
460 1551 525 1598 qui
561 1551 666 1585 coria
700 1548 927 1598 perficiunt,
961 1548 1027 1584 illo
1061 1550 1167 1585 enim
1201 1554 1384 1585 utuntur.

580 1635 592 1654 ¹
616 1634 694 1666 Post
712 1635 777 1665 ciet
797 1634 853 1665 VT
870 1638 905 1664 et
920 1634 995 1665 add.

248 1724 262 1739 a
286 1721 375 1753 Such
395 1731 539 1761 appears
560 1724 596 1773 5⁰
617 1720 657 1750 be
677 1719 735 1751 the
757 1720 914 1769 meaning
933 1719 971 1750 of
987 1719 1186 1781 pampinosa
1206 1719 1294 1756 here,
1316 1719 1344 1751 if
1359 1721 1386 1752 it

210 1762 1026 1842 fessfessffiziz3212?{2553‘535'52325'12233d333222
1038 1763 1202 1837 Ῑῑῖἶιὲἓὲθ
1218 1806 1256 1837 of
1276 1806 1386 1846 unque

208 1850 289 1882 with
316 1850 375 1881 the
402 1860 496 1881 sense
524 1849 561 1880 of
587 1849 606 1861 “
622 1849 840 1880 wherefore.”
887 1848 903 1879 I
930 1848 1019 1880 have
1044 1849 1234 1880 translated
1261 1849 1288 1880 it
1317 1849 1385 1880 “in

206 1893 390 1934 particular
407 1892 426 1904 ’³
461 1892 538 1923 here
571 1892 638 1922 and
673 1892 705 1922 in
740 1891 799 1923 the
831 1891 1077 1933 neighbouring
1110 1902 1251 1933 passage
1283 1892 1299 1933 §
1335 1893 1384 1929 18,

206 1936 351 1967 without
379 1935 501 1976 feeling
529 1945 605 1966 sure
633 1934 710 1966 that
742 1936 766 1966 it
795 1935 887 1976 gives
915 1934 975 1965 the
1003 1934 1093 1976 right
1122 1935 1323 1966 connection
1351 1935 1388 1966 of

205 1978 447 2053 thguffiaium
476 2030 592 2052 occurs
623 2030 643 2051 a
671 2020 733 2051 few
763 2020 861 2051 times
891 2020 924 2051 in
954 2019 1052 2061 Pliny
1080 2020 1114 2051 in
1142 2019 1201 2051 the
1228 2030 1323 2052 sense
1351 2020 1388 2052 of

209 2085 278 2129 428
