1469 2299
626 365 787 402 LIBER
824 365 919 402 XXI

247 450 277 487 I.
310 450 355 488 ΙΝ
400 450 522 487 hortis
567 453 642 488 seri
688 457 730 488 et
773 457 1055 488 coronamenta
1100 454 1211 489 iussit
1256 452 1368 495 Cato,

194 504 442 541 inenarrabili
468 503 605 541 florum
632 507 803 541 maxime
827 505 1065 549 subtilitate,
1089 505 1248 555 quando
1275 506 1366 542 nulli

193 563 327 607 potest
373 557 524 594 facilius
572 571 657 594 esse
704 558 807 607 loqui
856 571 976 607 quam
1023 571 1153 595 rerum
1202 565 1369 595 naturae

192 613 371 661 pingere,
400 610 617 647 lascivienti
647 614 880 660 praesertim
912 617 952 648 et
982 614 1021 647 in
1050 625 1195 662 magno
1223 613 1369 661 gaudio

156 669 174 699 2
194 663 412 701 fertilitatis
440 671 522 700 tam
550 667 680 701 variae
708 665 872 702 ludenti.
927 667 1075 714 quippe
1102 665 1251 715 reliqua
1280 679 1369 702 usus

193 717 451 766 alimentique
472 720 601 767 gratia
622 721 776 768 genuit,
797 718 967 767 ideoque
987 718 1145 755 saecula
1166 732 1369 768 annosque

192 771 331 808 tribuit
368 770 439 813 his,
477 770 591 808 flores
627 784 719 808 vero
754 771 975 820 odoresque
1011 774 1049 807 in
1085 772 1191 808 diem
1227 775 1368 822 gignit,

193 837 350 874 magna,
381 830 424 860 ut
453 823 585 873 palam
615 830 689 867 est,
719 824 990 861 admonitione
1019 824 1237 868 hominum,
1266 839 1369 875 quae

192 879 482 926 spectatissime
503 877 670 914 floreant
692 878 897 914 celerrime
918 891 1174 915 marcescere.
1229 879 1298 915 sed
1321 892 1370 916 ne

193 933 347 980 pictura
376 931 536 980 quidem
561 931 728 968 sufficitl
758 934 918 981 imagini
943 931 1116 968 colorum
1143 931 1370 969 reddendae

192 986 535 1034 mixturarumque
568 987 765 1029 varietati,
797 987 879 1022 sive
910 984 1052 1021 alterni
1085 992 1207 1034 atque
1240 986 1369 1022 multi-

193 1037 311 1087 plices
333 1040 437 1074 inter
457 1051 499 1074 se
520 1039 766 1081 nectuntur,2
781 1041 863 1074 sive
878 1040 1040 1087 privatis
1061 1051 1252 1088 generum
1270 1038 1365 1075 funi-

192 1091 287 1128 culis
322 1093 360 1127 in
395 1092 545 1135 orbem,
579 1094 618 1128 in
651 1091 836 1135 oblicum,
871 1094 909 1128 in
943 1092 1137 1128 ambitum
1172 1092 1369 1142 quaedam

190 1157 357 1181 coronae
383 1157 454 1194 per
478 1157 641 1182 coronas
667 1151 840 1182 currunt.

240 1242 252 1260 1
275 1241 400 1272 sufficit
427 1240 528 1272 Dal.:
564 1242 745 1273 sufficienti
774 1247 832 1273 ant
861 1242 1050 1273 sufficiente
1076 1243 1189 1274 codd.:
1225 1243 1369 1274 sufficiet

197 1284 361 1325 Mayhoff.
406 1284 485 1316 Post
512 1295 717 1316 marcescere
743 1295 867 1316 comma
899 1285 991 1325 ponit
1020 1285 1194 1326 Dellef-sen,
1221 1286 1278 1326 qni
1300 1286 1367 1316 suf-

194 1327 330 1358 ficiente
351 1327 473 1358 scribit.

239 1371 251 1389 ²
274 1374 460 1401 nectuntur
483 1369 668 1410 Dellessen:
706 1374 890 1401 nectantur
912 1380 986 1400 cum
1009 1369 1098 1400 codd.
1127 1371 1289 1411 Jlayhoff,
1312 1372 1369 1412 qui

193 1413 292 1444 etiam
311 1416 451 1444 currant
468 1413 554 1444 coni.

233 1519 248 1534 ⁰
271 1515 340 1546 R.r.
358 1514 455 1546 VIII.
473 1516 487 1554 ξ
504 1516 535 1546 2.

231 1557 242 1577 ¹³
266 1558 337 1589 The
360 1558 415 1588 old
438 1558 566 1589 editors
589 1562 652 1599 put
675 1569 695 1589 a
718 1558 779 1590 full
802 1563 881 1600 stop
903 1563 941 1589 at
962 1559 1133 1591 ambitum.
1179 1559 1250 1590 The
1274 1560 1365 1591 MSS.

189 1601 277 1632 have
301 1605 467 1631 nectantur
489 1601 558 1632 and
585 1605 730 1632 currunt.
778 1602 951 1632 Detlefsen
984 1602 1044 1633 has
1070 1607 1139 1633 two
1166 1602 1368 1634 indicatives

188 1645 257 1675 and
273 1643 428 1684 Mayhoff
442 1649 510 1674 two
524 1644 773 1684 subjunctives.

276 1686 430 1717 Alternis
463 1692 532 1718 two
553 1687 652 1718 kinds
673 1687 711 1718 of
727 1687 857 1718 flowers
877 1688 1086 1719 interwoven
1107 1687 1323 1729 alternately.

276 1729 483 1770 Multiplices
499 1740 508 1759 .·
559 1730 688 1761 several
728 1730 827 1761 kinds
864 1731 1073 1762 interwoven
1111 1731 1293 1772 according
1330 1736 1367 1762 to

233 1773 369 1803 various
389 1776 554 1812 patterns.

276 1815 422 1846 Privalis
438 1827 589 1856 yenernm
600 1815 768 1855 funiculis
783 1827 793 1847 .·
810 1816 935 1856 strings
952 1826 990 1847 or
1005 1815 1157 1847 festoons
1174 1816 1212 1847 of
1224 1816 1366 1853 flowers,

232 1868 296 1889 one
316 1859 397 1889 kind
416 1858 496 1899 only
516 1869 558 1889 on
578 1858 661 1889 each
681 1859 801 1899 string.
847 1859 955 1889 These
973 1869 1030 1889 are
1049 1859 1148 1889 made
1167 1860 1240 1890 into
1259 1859 1366 1900 hoops

233 1912 270 1932 or
286 1903 387 1943 ringS‚
406 1901 512 1932 which
530 1912 608 1942 pass
624 1901 771 1942 through
789 1912 853 1932 one
869 1901 1024 1938 another,
1040 1902 1124 1932 each
1141 1903 1214 1942 ring
1231 1901 1330 1943 being
1346 1913 1366 1933 a

232 1944 303 1975 link
320 1945 354 1975 in
371 1955 391 1975 a
408 1944 519 1976 chain.
565 1944 646 1975 This
663 1944 762 1976 chain
780 1944 819 1975 of
830 1945 922 1986 rings
938 1944 1039 1976 could
1055 1944 1161 1986 easily
1180 1945 1220 1976 be
1235 1945 1366 1987 shaped

191 1999 259 2035 160
