<?xml version="1.0" encoding="UTF-8"?>
<!DOCTYPE html PUBLIC "-//W3C//DTD XHTML 1.0 Transitional//EN"
    "http://www.w3.org/TR/xhtml1/DTD/xhtml1-transitional.dtd">
<html xmlns="http://www.w3.org/1999/xhtml" xml:lang="en" lang="en">
 <head>
  <title>
</title>
<meta http-equiv="Content-Type" content="text/html;charset=utf-8" />
  <meta name='ocr-system' content='tesseract 3.04.00' />
  <meta name='ocr-capabilities' content='ocr_page ocr_carea ocr_par ocr_line ocrx_word'/>
</head>
<body>
  <div class='ocr_page' id='page_1' title='image "./naturalhistory06plinuoft_0470.png"; bbox 0 0 1469 2299; ppageno 0'>
   <div class='ocr_carea' id='block_1_1' title="bbox 427 144 1195 183">
    <p class='ocr_par' dir='ltr' id='par_1_1' title="bbox 427 144 1195 183">
     <span class='ocr_line' id='line_1_1' title="bbox 427 144 1195 183; baseline 0 -2"><span class='ocrx_word' id='word_1_1' title='bbox 427 144 620 182; x_wconf 86' lang='lat' dir='ltr'>PLINY:</span> <span class='ocrx_word' id='word_1_2' title='bbox 667 145 927 182; x_wconf 87' lang='lat' dir='ltr'><strong>NATURAL</strong></span> <span class='ocrx_word' id='word_1_3' title='bbox 961 145 1195 183; x_wconf 87' lang='lat' dir='ltr'>HISTORY</span> 
     </span>
    </p>
   </div>
   <div class='ocr_carea' id='block_1_2' title="bbox 152 246 1399 1359">
    <p class='ocr_par' dir='ltr' id='par_1_2' title="bbox 152 246 1399 1359">
     <span class='ocr_line' id='line_1_2' title="bbox 226 246 1394 298; baseline 0.003 -16"><span class='ocrx_word' id='word_1_4' title='bbox 226 246 433 283; x_wconf 81' lang='lat' dir='ltr'>celerrime</span> <span class='ocrx_word' id='word_1_5' title='bbox 458 250 718 283; x_wconf 78' lang='lat' dir='ltr'>inveteratur.</span> <span class='ocrx_word' id='word_1_6' title='bbox 775 250 904 284; x_wconf 87' lang='lat' dir='ltr'>minus</span> <span class='ocrx_word' id='word_1_7' title='bbox 929 247 1097 284; x_wconf 84' lang='lat' dir='ltr'>infestat</span> <span class='ocrx_word' id='word_1_8' title='bbox 1123 261 1262 284; x_wconf 86' lang='lat' dir='ltr'>nervos</span> <span class='ocrx_word' id='word_1_9' title='bbox 1289 250 1394 298; x_wconf 76' lang='lat' dir='ltr'>quod</span> 
     </span>
     <span class='ocr_line' id='line_1_3' title="bbox 226 300 1392 338; baseline 0.002 -2"><span class='ocrx_word' id='word_1_10' title='bbox 226 306 431 337; x_wconf 84' lang='lat' dir='ltr'>vetustate</span> <span class='ocrx_word' id='word_1_11' title='bbox 482 300 687 336; x_wconf 82' lang='lat' dir='ltr'>dulcescit.</span> <span class='ocrx_word' id='word_1_12' title='bbox 743 300 949 337; x_wconf 82' lang='lat' dir='ltr'>stomacho</span> <span class='ocrx_word' id='word_1_13' title='bbox 1000 304 1129 337; x_wconf 88' lang='lat' dir='ltr'>minus</span> <span class='ocrx_word' id='word_1_14' title='bbox 1181 302 1279 338; x_wconf 86' lang='lat' dir='ltr'>utile</span> <span class='ocrx_word' id='word_1_15' title='bbox 1332 308 1392 338; x_wconf 89' lang='lat' dir='ltr'>est</span> 
     </span>
     <span class='ocr_line' id='line_1_4' title="bbox 227 353 1397 404; baseline 0.002 -15"><span class='ocrx_word' id='word_1_16' title='bbox 227 356 390 403; x_wconf 83' lang='lat' dir='ltr'>pingue,</span> <span class='ocrx_word' id='word_1_17' title='bbox 416 353 604 403; x_wconf 83' lang='lat' dir='ltr'>nigrum,1</span> <span class='ocrx_word' id='word_1_18' title='bbox 631 354 701 390; x_wconf 91' lang='lat' dir='ltr'>sed</span> <span class='ocrx_word' id='word_1_19' title='bbox 726 367 890 403; x_wconf 86' lang='lat' dir='ltr'>corpora</span> <span class='ocrx_word' id='word_1_20' title='bbox 915 357 1042 404; x_wconf 84' lang='lat' dir='ltr'>magis</span> <span class='ocrx_word' id='word_1_21' title='bbox 1068 354 1150 390; x_wconf 90' lang='lat' dir='ltr'>alit.</span> <span class='ocrx_word' id='word_1_22' title='bbox 1207 360 1330 391; x_wconf 89' lang='lat' dir='ltr'>tenue</span> <span class='ocrx_word' id='word_1_23' title='bbox 1357 362 1397 391; x_wconf 87' lang='lat' dir='ltr'>et</span> 
     </span>
     <span class='ocr_line' id='line_1_5' title="bbox 189 407 1395 456; baseline 0.002 -14"><span class='ocrx_word' id='word_1_24' title='bbox 189 410 433 443; x_wconf 80' lang='lat' dir='ltr'>&#39;austerum</span> <span class='ocrx_word' id='word_1_25' title='bbox 480 410 610 443; x_wconf 90' lang='lat' dir='ltr'>minus</span> <span class='ocrx_word' id='word_1_26' title='bbox 656 407 740 451; x_wconf 90' lang='lat' dir='ltr'>alit,</span> <span class='ocrx_word' id='word_1_27' title='bbox 787 410 913 456; x_wconf 84' lang='lat' dir='ltr'>magis</span> <span class='ocrx_word' id='word_1_28' title='bbox 960 407 1210 444; x_wconf 87' lang='lat' dir='ltr'>stomachum</span> <span class='ocrx_word' id='word_1_29' title='bbox 1257 411 1395 444; x_wconf 87' lang='lat' dir='ltr'>nutrit.</span> 
     </span>
     <span class='ocr_line' id='line_1_6' title="bbox 227 460 1397 511; baseline 0.002 -15"><span class='ocrx_word' id='word_1_30' title='bbox 227 460 395 496; x_wconf 86' lang='lat' dir='ltr'>celerius</span> <span class='ocrx_word' id='word_1_31' title='bbox 436 473 508 509; x_wconf 88' lang='lat' dir='ltr'>per</span> <span class='ocrx_word' id='word_1_32' title='bbox 548 463 702 496; x_wconf 87' lang='lat' dir='ltr'>urinam</span> <span class='ocrx_word' id='word_1_33' title='bbox 744 463 902 504; x_wconf 79' lang='lat' dir='ltr'>transit,</span> <span class='ocrx_word' id='word_1_34' title='bbox 943 466 1059 497; x_wconf 87' lang='lat' dir='ltr'>tanto</span> <span class='ocrx_word' id='word_1_35' title='bbox 1099 464 1225 511; x_wconf 83' lang='lat' dir='ltr'>magis</span> <span class='ocrx_word' id='word_1_36' title='bbox 1266 465 1397 510; x_wconf 85' lang='lat' dir='ltr'>capita</span> 
     </span>
     <span class='ocr_line' id='line_1_7' title="bbox 225 513 1395 562; baseline 0.002 -13"><span class='ocrx_word' id='word_1_37' title='bbox 225 519 415 562; x_wconf 83' lang='lat' dir='ltr'>temptat.</span> <span class='ocrx_word' id='word_1_38' title='bbox 471 513 545 549; x_wconf 90' lang='lat' dir='ltr'>hoc</span> <span class='ocrx_word' id='word_1_39' title='bbox 565 520 606 550; x_wconf 90' lang='lat' dir='ltr'>et</span> <span class='ocrx_word' id='word_1_40' title='bbox 625 517 665 550; x_wconf 88' lang='lat' dir='ltr'>in</span> <span class='ocrx_word' id='word_1_41' title='bbox 684 517 791 550; x_wconf 92' lang='lat' dir='ltr'>omni</span> <span class='ocrx_word' id='word_1_42' title='bbox 812 514 887 550; x_wconf 90' lang='lat' dir='ltr'>alio</span> <span class='ocrx_word' id='word_1_43' title='bbox 906 527 999 550; x_wconf 91' lang='lat' dir='ltr'>suco</span> <span class='ocrx_word' id='word_1_44' title='bbox 1018 514 1142 550; x_wconf 89' lang='lat' dir='ltr'>semel</span> <span class='ocrx_word' id='word_1_45' title='bbox 1161 515 1313 551; x_wconf 88' lang='lat' dir='ltr'>dictum</span> <span class='ocrx_word' id='word_1_46' title='bbox 1333 518 1395 551; x_wconf 88' lang='lat' dir='ltr'>sit.</span> 
     </span>
     <span class='ocr_line' id='line_1_8' title="bbox 225 566 1397 604; baseline 0.001 -1"><span class='ocrx_word' id='word_1_47' title='bbox 225 570 360 603; x_wconf 89' lang='lat' dir='ltr'>vinum</span> <span class='ocrx_word' id='word_1_48' title='bbox 386 570 464 603; x_wconf 85' lang='lat' dir='ltr'>situ</span> <span class='ocrx_word' id='word_1_49' title='bbox 491 580 570 603; x_wconf 91' lang='lat' dir='ltr'>non</span> <span class='ocrx_word' id='word_1_50' title='bbox 587 568 602 590; x_wconf 82' lang='lat'><strong>²</strong></span> <span class='ocrx_word' id='word_1_51' title='bbox 628 566 737 603; x_wconf 90' lang='lat' dir='ltr'>fumo</span> <span class='ocrx_word' id='word_1_52' title='bbox 763 570 1034 603; x_wconf 84' lang='lat' dir='ltr'>inveteratum</span> <span class='ocrx_word' id='word_1_53' title='bbox 1061 567 1397 604; x_wconf 84' lang='lat' dir='ltr'>saluberrimum.³</span> 
     </span>
     <span class='ocr_line' id='line_1_9' title="bbox 155 620 1399 670; baseline 0.001 -14"><span class='ocrx_word' id='word_1_54' title='bbox 155 626 196 657; x_wconf 87' lang='lat'>40</span> <span class='ocrx_word' id='word_1_55' title='bbox 225 633 445 670; x_wconf 87' lang='lat' dir='ltr'>mangones</span> <span class='ocrx_word' id='word_1_56' title='bbox 483 620 569 656; x_wconf 79' lang='lat' dir='ltr'>ita4</span> <span class='ocrx_word' id='word_1_57' title='bbox 608 623 647 656; x_wconf 88' lang='lat' dir='ltr'>in</span> <span class='ocrx_word' id='word_1_58' title='bbox 687 620 892 669; x_wconf 79' lang='lat' dir='ltr'>apothecis</span> <span class='ocrx_word' id='word_1_59' title='bbox 924 623 1219 670; x_wconf 82' lang='lat' dir='ltr'>excogitavere,</span> <span class='ocrx_word' id='word_1_60' title='bbox 1247 624 1325 657; x_wconf 90' lang='lat' dir='ltr'>iam</span> <span class='ocrx_word' id='word_1_61' title='bbox 1358 627 1399 658; x_wconf 86' lang='lat' dir='ltr'>et</span> 
     </span>
     <span class='ocr_line' id='line_1_10' title="bbox 226 673 1394 724; baseline 0.002 -15"><span class='ocrx_word' id='word_1_62' title='bbox 226 673 548 723; x_wconf 79' lang='lat' dir='ltr'>patresfamilias,</span> <span class='ocrx_word' id='word_1_63' title='bbox 591 679 770 710; x_wconf 88' lang='lat' dir='ltr'>aetatem</span> <span class='ocrx_word' id='word_1_64' title='bbox 813 674 903 710; x_wconf 83' lang='lat' dir='ltr'>addi</span> <span class='ocrx_word' id='word_1_65' title='bbox 947 674 1199 723; x_wconf 88' lang='lat' dir='ltr'>antequam⁵</span> <span class='ocrx_word' id='word_1_66' title='bbox 1240 687 1312 724; x_wconf 91' lang='lat' dir='ltr'>per</span> <span class='ocrx_word' id='word_1_67' title='bbox 1353 688 1394 711; x_wconf 91' lang='lat' dir='ltr'>se</span> 
     </span>
     <span class='ocr_line' id='line_1_11' title="bbox 225 728 1397 776; baseline 0.001 -13"><span class='ocrx_word' id='word_1_68' title='bbox 225 730 372 763; x_wconf 88' lang='lat' dir='ltr'>cariem</span> <span class='ocrx_word' id='word_1_69' title='bbox 406 733 579 763; x_wconf 83' lang='lat' dir='ltr'>traxere.</span> <span class='ocrx_word' id='word_1_70' title='bbox 636 740 715 776; x_wconf 92' lang='lat' dir='ltr'>quo</span> <span class='ocrx_word' id='word_1_71' title='bbox 747 733 858 764; x_wconf 87' lang='lat' dir='ltr'>certe</span> <span class='ocrx_word' id='word_1_72' title='bbox 892 728 1084 763; x_wconf 92' lang='lat' dir='ltr'>vocabulo</span> <span class='ocrx_word' id='word_1_73' title='bbox 1117 730 1213 764; x_wconf 86' lang='lat' dir='ltr'>satis</span> <span class='ocrx_word' id='word_1_74' title='bbox 1247 728 1397 764; x_wconf 91' lang='lat' dir='ltr'>consilii</span> 
     </span>
     <span class='ocr_line' id='line_1_12' title="bbox 225 780 1398 830; baseline 0.002 -14"><span class='ocrx_word' id='word_1_75' title='bbox 225 781 375 817; x_wconf 86' lang='lat' dir='ltr'>dedere</span> <span class='ocrx_word' id='word_1_76' title='bbox 399 783 530 830; x_wconf 81' lang='lat' dir='ltr'>prisci,</span> <span class='ocrx_word' id='word_1_77' title='bbox 554 783 743 830; x_wconf 90' lang='lat' dir='ltr'>quoniam</span> <span class='ocrx_word' id='word_1_78' title='bbox 768 787 809 817; x_wconf 84' lang='lat' dir='ltr'>et</span> <span class='ocrx_word' id='word_1_79' title='bbox 831 784 871 817; x_wconf 94' lang='lat' dir='ltr'>in</span> <span class='ocrx_word' id='word_1_80' title='bbox 895 784 1072 817; x_wconf 87' lang='lat' dir='ltr'>materiis</span> <span class='ocrx_word' id='word_1_81' title='bbox 1096 784 1243 817; x_wconf 87' lang='lat' dir='ltr'>cariem</span> <span class='ocrx_word' id='word_1_82' title='bbox 1266 780 1398 818; x_wconf 87' lang='lat' dir='ltr'>fumus</span> 
     </span>
     <span class='ocr_line' id='line_1_13' title="bbox 225 833 1398 878; baseline 0.001 -8"><span class='ocrx_word' id='word_1_83' title='bbox 225 834 370 878; x_wconf 87' lang='lat' dir='ltr'>erodit,</span> <span class='ocrx_word' id='word_1_84' title='bbox 388 840 430 870; x_wconf 88' lang='lat' dir='ltr'>at</span> <span class='ocrx_word' id='word_1_85' title='bbox 447 848 517 870; x_wconf 90' lang='lat' dir='ltr'>nos</span> <span class='ocrx_word' id='word_1_86' title='bbox 536 847 557 870; x_wconf 93' lang='lat' dir='ltr'>e</span> <span class='ocrx_word' id='word_1_87' title='bbox 575 834 731 871; x_wconf 87' lang='lat' dir='ltr'>diverso</span> <span class='ocrx_word' id='word_1_88' title='bbox 748 833 847 870; x_wconf 85' lang='lat' dir='ltr'>furni</span> <span class='ocrx_word' id='word_1_89' title='bbox 865 834 1133 871; x_wconf 80' lang='lat' dir='ltr'>amaritudine</span> <span class='ocrx_word' id='word_1_90' title='bbox 1150 840 1398 871; x_wconf 87' lang='lat' dir='ltr'>vetustatem</span> 
     </span>
     <span class='ocr_line' id='line_1_14' title="bbox 225 887 1396 937; baseline 0 -13"><span class='ocrx_word' id='word_1_91' title='bbox 225 888 335 924; x_wconf 90' lang='lat' dir='ltr'>indui</span> <span class='ocrx_word' id='word_1_92' title='bbox 371 900 607 937; x_wconf 85' lang='lat' dir='ltr'>persuasum</span> <span class='ocrx_word' id='word_1_93' title='bbox 643 887 849 924; x_wconf 86' lang='lat' dir='ltr'>habemus.</span> <span class='ocrx_word' id='word_1_94' title='bbox 907 901 1011 936; x_wconf 91' lang='lat' dir='ltr'>quae</span> <span class='ocrx_word' id='word_1_95' title='bbox 1048 894 1142 924; x_wconf 88' lang='lat' dir='ltr'>sunt</span> <span class='ocrx_word' id='word_1_96' title='bbox 1180 888 1396 925; x_wconf 84' lang='lat' dir='ltr'>admodum</span> 
     </span>
     <span class='ocr_line' id='line_1_15' title="bbox 226 940 1397 991; baseline 0.001 -14"><span class='ocrx_word' id='word_1_97' title='bbox 226 941 426 984; x_wconf 84' lang='lat' dir='ltr'>exalbida‚</span> <span class='ocrx_word' id='word_1_98' title='bbox 476 940 576 977; x_wconf 89' lang='lat' dir='ltr'>haec</span> <span class='ocrx_word' id='word_1_99' title='bbox 625 947 832 977; x_wconf 86' lang='lat' dir='ltr'>vetustate</span> <span class='ocrx_word' id='word_1_100' title='bbox 882 941 1098 978; x_wconf 80' lang='lat' dir='ltr'>insalubria</span> <span class='ocrx_word' id='word_1_101' title='bbox 1148 940 1261 978; x_wconf 86' lang='lat' dir='ltr'>fiunt.</span> <span class='ocrx_word' id='word_1_102' title='bbox 1318 955 1397 991; x_wconf 91' lang='lat' dir='ltr'>quo</span> 
     </span>
     <span class='ocr_line' id='line_1_16' title="bbox 223 994 1397 1044; baseline 0.001 -14"><span class='ocrx_word' id='word_1_103' title='bbox 223 997 456 1044; x_wconf 85' lang='lat' dir='ltr'>generosius</span> <span class='ocrx_word' id='word_1_104' title='bbox 475 997 611 1031; x_wconf 92' lang='lat' dir='ltr'>vinum</span> <span class='ocrx_word' id='word_1_105' title='bbox 631 1001 706 1038; x_wconf 85' lang='lat' dir='ltr'>est,</span> <span class='ocrx_word' id='word_1_106' title='bbox 726 994 799 1031; x_wconf 88' lang='lat' dir='ltr'>hoc</span> <span class='ocrx_word' id='word_1_107' title='bbox 818 997 945 1044; x_wconf 83' lang='lat' dir='ltr'>magis</span> <span class='ocrx_word' id='word_1_108' title='bbox 964 1000 1170 1031; x_wconf 87' lang='lat' dir='ltr'>vetustate</span> <span class='ocrx_word' id='word_1_109' title='bbox 1190 998 1397 1032; x_wconf 88' lang='lat' dir='ltr'>crassescit</span> 
     </span>
     <span class='ocr_line' id='line_1_17' title="bbox 225 1048 1395 1097; baseline 0.001 -13"><span class='ocrx_word' id='word_1_110' title='bbox 225 1054 267 1084; x_wconf 88' lang='lat' dir='ltr'>et</span> <span class='ocrx_word' id='word_1_111' title='bbox 304 1051 344 1084; x_wconf 92' lang='lat' dir='ltr'>in</span> <span class='ocrx_word' id='word_1_112' title='bbox 383 1048 693 1084; x_wconf 87' lang='lat' dir='ltr'>amaritudinem</span> <span class='ocrx_word' id='word_1_113' title='bbox 731 1051 885 1097; x_wconf 90' lang='lat' dir='ltr'>corpori</span> <span class='ocrx_word' id='word_1_114' title='bbox 923 1050 1086 1084; x_wconf 89' lang='lat' dir='ltr'>minime</span> <span class='ocrx_word' id='word_1_115' title='bbox 1125 1048 1265 1084; x_wconf 88' lang='lat' dir='ltr'>utilem</span> <span class='ocrx_word' id='word_1_116' title='bbox 1303 1051 1395 1085; x_wconf 86' lang='lat' dir='ltr'>coit.</span> 
     </span>
     <span class='ocr_line' id='line_1_18' title="bbox 224 1101 1398 1138; baseline 0.001 -1"><span class='ocrx_word' id='word_1_117' title='bbox 224 1101 385 1138; x_wconf 90' lang='lat' dir='ltr'>condire</span> <span class='ocrx_word' id='word_1_118' title='bbox 408 1114 454 1137; x_wconf 88' lang='lat' dir='ltr'>eo</span> <span class='ocrx_word' id='word_1_119' title='bbox 477 1101 584 1138; x_wconf 87' lang='lat' dir='ltr'>aliud</span> <span class='ocrx_word' id='word_1_120' title='bbox 605 1105 735 1138; x_wconf 89' lang='lat' dir='ltr'>minus</span> <span class='ocrx_word' id='word_1_121' title='bbox 758 1115 952 1138; x_wconf 88' lang='lat' dir='ltr'>annosum</span> <span class='ocrx_word' id='word_1_122' title='bbox 973 1101 1174 1138; x_wconf 88' lang='lat' dir='ltr'>insalubre</span> <span class='ocrx_word' id='word_1_123' title='bbox 1197 1107 1270 1138; x_wconf 78' lang='lat' dir='ltr'>est.</span> <span class='ocrx_word' id='word_1_124' title='bbox 1326 1115 1398 1138; x_wconf 83' lang='lat' dir='ltr'>sua</span> 
     </span>
     <span class='ocr_line' id='line_1_19' title="bbox 223 1155 1396 1205; baseline 0.001 -14"><span class='ocrx_word' id='word_1_125' title='bbox 223 1158 367 1204; x_wconf 87' lang='lat' dir='ltr'>cuique</span> <span class='ocrx_word' id='word_1_126' title='bbox 402 1157 491 1191; x_wconf 85' lang='lat' dir='ltr'>vino</span> <span class='ocrx_word' id='word_1_127' title='bbox 525 1155 647 1191; x_wconf 86' lang='lat' dir='ltr'>saliva</span> <span class='ocrx_word' id='word_1_128' title='bbox 680 1157 1006 1191; x_wconf 88' lang='lat' dir='ltr'>innocentissima</span> <span class='ocrx_word' id='word_1_129' title='bbox 1040 1161 1115 1199; x_wconf 92' lang='lat' dir='ltr'>est,</span> <span class='ocrx_word' id='word_1_130' title='bbox 1148 1168 1220 1192; x_wconf 83' lang='lat' dir='ltr'>sua</span> <span class='ocrx_word' id='word_1_131' title='bbox 1252 1158 1396 1205; x_wconf 90' lang='lat' dir='ltr'>cuique</span> 
     </span>
     <span class='ocr_line' id='line_1_20' title="bbox 224 1208 936 1258; baseline 0.001 -14"><span class='ocrx_word' id='word_1_132' title='bbox 224 1214 336 1245; x_wconf 83' lang='lat' dir='ltr'>aetas</span> <span class='ocrx_word' id='word_1_133' title='bbox 355 1211 597 1258; x_wconf 84' lang='lat' dir='ltr'>gratissima,</span> <span class='ocrx_word' id='word_1_134' title='bbox 617 1208 691 1245; x_wconf 92' lang='lat' dir='ltr'>hoc</span> <span class='ocrx_word' id='word_1_135' title='bbox 711 1214 773 1245; x_wconf 80' lang='lat' dir='ltr'>est</span> <span class='ocrx_word' id='word_1_136' title='bbox 791 1208 936 1245; x_wconf 82' lang='lat' dir='ltr'>media.</span> 
     </span>
     <span class='ocr_line' id='line_1_21' title="bbox 152 1262 1396 1312; baseline 0.001 -15"><span class='ocrx_word' id='word_1_137' title='bbox 152 1267 189 1297; x_wconf 87' lang='grc'>41</span> <span class='ocrx_word' id='word_1_138' title='bbox 277 1262 432 1298; x_wconf 85' lang='grc' dir='ltr'><strong>ΧΧΙΙΙ.</strong></span> <span class='ocrx_word' id='word_1_139' title='bbox 464 1262 615 1311; x_wconf 88' lang='lat' dir='ltr'>Corpus</span> <span class='ocrx_word' id='word_1_140' title='bbox 662 1275 810 1312; x_wconf 83' lang='lat' dir='ltr'>augere</span> <span class='ocrx_word' id='word_1_141' title='bbox 856 1262 1082 1298; x_wconf 89' lang='lat' dir='ltr'>volentibus</span> <span class='ocrx_word' id='word_1_142' title='bbox 1129 1267 1199 1298; x_wconf 88' lang='lat' dir='ltr'>aut</span> <span class='ocrx_word' id='word_1_143' title='bbox 1244 1262 1396 1299; x_wconf 88' lang='lat' dir='ltr'>mollire</span> 
     </span>
     <span class='ocr_line' id='line_1_22' title="bbox 223 1315 1396 1359; baseline 0.001 -7"><span class='ocrx_word' id='word_1_144' title='bbox 223 1315 352 1352; x_wconf 87' lang='lat' dir='ltr'>alvum</span> <span class='ocrx_word' id='word_1_145' title='bbox 365 1315 553 1352; x_wconf 84' lang='lat' dir='ltr'>conducit</span> <span class='ocrx_word' id='word_1_146' title='bbox 565 1319 671 1352; x_wconf 88' lang='lat' dir='ltr'>inter</span> <span class='ocrx_word' id='word_1_147' title='bbox 682 1317 789 1352; x_wconf 89' lang='lat' dir='ltr'>cibos</span> <span class='ocrx_word' id='word_1_148' title='bbox 802 1316 955 1359; x_wconf 87' lang='lat' dir='ltr'>bibere,</span> <span class='ocrx_word' id='word_1_149' title='bbox 969 1321 1108 1352; x_wconf 87' lang='lat' dir='ltr'>contra</span> <span class='ocrx_word' id='word_1_150' title='bbox 1121 1316 1396 1353; x_wconf 88' lang='lat' dir='ltr'>minuentibus</span> 
     </span>
    </p>
   </div>
   <div class='ocr_carea' id='block_1_3' title="bbox 222 1409 1394 1751">
    <p class='ocr_par' dir='ltr' id='par_1_3' title="bbox 222 1409 1394 1484">
     <span class='ocr_line' id='line_1_23' title="bbox 267 1409 1394 1450; baseline 0.002 -10"><span class='ocrx_word' id='word_1_151' title='bbox 267 1409 279 1428; x_wconf 83' lang='lat'>¹</span> <span class='ocrx_word' id='word_1_152' title='bbox 303 1411 436 1450; x_wconf 85' lang='lat' dir='ltr'>nigrum</span> <span class='ocrx_word' id='word_1_153' title='bbox 471 1409 580 1450; x_wconf 75' lang='lat' dir='ltr'>plures</span> <span class='ocrx_word' id='word_1_154' title='bbox 618 1410 720 1447; x_wconf 82' lang='lat' dir='ltr'>codd„</span> <span class='ocrx_word' id='word_1_155' title='bbox 755 1409 929 1450; x_wconf 77' lang='lat' dir='ltr'>Mayhoff:</span> <span class='ocrx_word' id='word_1_156' title='bbox 964 1420 1095 1441; x_wconf 86' lang='lat' dir='ltr'>merum</span> <span class='ocrx_word' id='word_1_157' title='bbox 1126 1420 1200 1441; x_wconf 80' lang='lat' dir='ltr'>cum</span> <span class='ocrx_word' id='word_1_158' title='bbox 1230 1419 1297 1442; x_wconf 78' lang='lat' dir='ltr'>uno</span> <span class='ocrx_word' id='word_1_159' title='bbox 1327 1410 1394 1442; x_wconf 87' lang='lat' dir='ltr'>cod.</span> 
     </span>
     <span class='ocr_line' id='line_1_24' title="bbox 222 1452 393 1484; baseline 0 -1"><span class='ocrx_word' id='word_1_160' title='bbox 222 1452 310 1484; x_wconf 81' lang='lat' dir='ltr'>Delle</span> <span class='ocrx_word' id='word_1_161' title='bbox 327 1464 393 1484; x_wconf 72' lang='lat' dir='ltr'>sen.</span> 
     </span>
    </p>

    <p class='ocr_par' dir='ltr' id='par_1_4' title="bbox 269 1454 1362 1536">
     <span class='ocr_line' id='line_1_25' title="bbox 269 1454 1362 1536; baseline 0.001 -10"><span class='ocrx_word' id='word_1_162' title='bbox 269 1495 280 1513; x_wconf 89' lang='lat'><strong>²</strong></span> <span class='ocrx_word' id='word_1_163' title='bbox 306 1454 373 1526; x_wconf 63' lang='lat' dir='ltr'>sfitu</span> <span class='ocrx_word' id='word_1_164' title='bbox 391 1506 459 1526; x_wconf 93' lang='lat' dir='ltr'>non</span> <span class='ocrx_word' id='word_1_165' title='bbox 476 1495 525 1526; x_wconf 90' lang='lat' dir='ltr'>Io.</span> <span class='ocrx_word' id='word_1_166' title='bbox 546 1496 584 1526; x_wconf 83' lang='lat' dir='ltr'><em>M</em></span> <span class='ocrx_word' id='word_1_167' title='bbox 588 1495 669 1527; x_wconf 58' lang='lat' dir='ltr'>aller</span> <span class='ocrx_word' id='word_1_168' title='bbox 684 1507 691 1526; x_wconf 77' lang='lat' dir='ltr'>z</span> <span class='ocrx_word' id='word_1_169' title='bbox 721 1495 854 1526; x_wconf 90' lang='lat' dir='ltr'>diutino</span> <span class='ocrx_word' id='word_1_170' title='bbox 872 1495 913 1527; x_wconf 86' lang='lat' dir='ltr'><em>M</em></span> <span class='ocrx_word' id='word_1_171' title='bbox 914 1495 1028 1536; x_wconf 76' lang='lat' dir='ltr'>ayhoff</span> <span class='ocrx_word' id='word_1_172' title='bbox 1039 1508 1045 1526; x_wconf 92' lang='lat'><strong>:</strong></span> <span class='ocrx_word' id='word_1_173' title='bbox 1076 1496 1121 1526; x_wconf 83' lang='lat' dir='ltr'>sit</span> <span class='ocrx_word' id='word_1_174' title='bbox 1139 1496 1256 1526; x_wconf 89' lang='lat' dir='ltr'>vinum</span> <span class='ocrx_word' id='word_1_175' title='bbox 1273 1496 1362 1527; x_wconf 84' lang='lat' dir='ltr'>codd.</span> 
     </span>
    </p>

    <p class='ocr_par' dir='ltr' id='par_1_5' title="bbox 227 1537 1394 1621">
     <span class='ocr_line' id='line_1_26' title="bbox 270 1537 1394 1580; baseline 0.001 -11"><span class='ocrx_word' id='word_1_176' title='bbox 270 1538 283 1557; x_wconf 87' lang='lat'><strong>³</strong></span> <span class='ocrx_word' id='word_1_177' title='bbox 311 1538 570 1569; x_wconf 84' lang='lat' dir='ltr'>saluberrimum</span> <span class='ocrx_word' id='word_1_178' title='bbox 616 1548 703 1569; x_wconf 76' lang='lat' dir='ltr'>unus</span> <span class='ocrx_word' id='word_1_179' title='bbox 747 1539 826 1574; x_wconf 66' lang='lat' dir='ltr'>cod„</span> <span class='ocrx_word' id='word_1_180' title='bbox 865 1537 1046 1580; x_wconf 77' lang='lat' dir='ltr'>Detlefsen:</span> <span class='ocrx_word' id='word_1_181' title='bbox 1100 1538 1394 1570; x_wconf 86' lang='lat' dir='ltr'>insaluberrimum</span> 
     </span>
     <span class='ocr_line' id='line_1_27' title="bbox 227 1580 916 1621; baseline 0.001 -10"><span class='ocrx_word' id='word_1_182' title='bbox 227 1581 394 1621; x_wconf 75' lang='lat' dir='ltr'>Mayhoss:</span> <span class='ocrx_word' id='word_1_183' title='bbox 420 1582 454 1612; x_wconf 90' lang='lat' dir='ltr'>vi</span> <span class='ocrx_word' id='word_1_184' title='bbox 471 1582 729 1612; x_wconf 82' lang='lat' dir='ltr'>saluberrimum</span> <span class='ocrx_word' id='word_1_185' title='bbox 748 1585 834 1611; x_wconf 60' lang='lat' dir='ltr'>umis</span> <span class='ocrx_word' id='word_1_186' title='bbox 849 1580 916 1612; x_wconf 83' lang='lat' dir='ltr'>cod.</span> 
     </span>
    </p>

    <p class='ocr_par' dir='ltr' id='par_1_6' title="bbox 270 1623 1237 1665">
     <span class='ocr_line' id='line_1_28' title="bbox 270 1623 1237 1665; baseline 0.002 -11"><span class='ocrx_word' id='word_1_187' title='bbox 270 1625 282 1643; x_wconf 77' lang='lat'>⁴</span> <span class='ocrx_word' id='word_1_188' title='bbox 307 1626 356 1655; x_wconf 88' lang='lat' dir='ltr'>ita</span> <span class='ocrx_word' id='word_1_189' title='bbox 375 1624 530 1664; x_wconf 72' lang='lat' dir='ltr'>Mayhoff</span> <span class='ocrx_word' id='word_1_190' title='bbox 541 1637 548 1655; x_wconf 75' lang='lat' dir='ltr'><em>z</em></span> <span class='ocrx_word' id='word_1_191' title='bbox 580 1625 664 1655; x_wconf 84' lang='lat' dir='ltr'>istut</span> <span class='ocrx_word' id='word_1_192' title='bbox 681 1623 842 1665; x_wconf 79' lang='lat' dir='ltr'>Dellessen</span> <span class='ocrx_word' id='word_1_193' title='bbox 858 1636 865 1654; x_wconf 76' lang='lat' dir='ltr'>z</span> <span class='ocrx_word' id='word_1_194' title='bbox 895 1625 961 1654; x_wconf 84' lang='lat' dir='ltr'>ista</span> <span class='ocrx_word' id='word_1_195' title='bbox 977 1629 1034 1655; x_wconf 77' lang='lat' dir='ltr'>aut</span> <span class='ocrx_word' id='word_1_196' title='bbox 1050 1625 1133 1655; x_wconf 84' lang='lat' dir='ltr'>istat</span> <span class='ocrx_word' id='word_1_197' title='bbox 1149 1625 1237 1656; x_wconf 84' lang='lat' dir='ltr'>codd.</span> 
     </span>
    </p>

    <p class='ocr_par' dir='ltr' id='par_1_7' title="bbox 224 1667 1393 1751">
     <span class='ocr_line' id='line_1_29' title="bbox 268 1667 1393 1709; baseline 0.002 -12"><span class='ocrx_word' id='word_1_198' title='bbox 268 1667 281 1686; x_wconf 83' lang='lat'><strong>⁶</strong></span> <span class='ocrx_word' id='word_1_199' title='bbox 304 1671 491 1707; x_wconf 76' lang='lat' dir='ltr'>antequam</span> <span class='ocrx_word' id='word_1_200' title='bbox 527 1667 610 1698; x_wconf 81' lang='lat' dir='ltr'>coni.</span> <span class='ocrx_word' id='word_1_201' title='bbox 656 1667 811 1707; x_wconf 74' lang='lat' dir='ltr'>Mayhoff</span> <span class='ocrx_word' id='word_1_202' title='bbox 849 1667 959 1707; x_wconf 77' lang='lat' dir='ltr'>(atqui</span> <span class='ocrx_word' id='word_1_203' title='bbox 995 1667 1142 1708; x_wconf 77' lang='lat' dir='ltr'>scribit):</span> <span class='ocrx_word' id='word_1_204' title='bbox 1191 1667 1264 1698; x_wconf 78' lang='lat' dir='ltr'>aliis</span> <span class='ocrx_word' id='word_1_205' title='bbox 1307 1678 1393 1709; x_wconf 83' lang='lat' dir='ltr'>quae</span> 
     </span>
     <span class='ocr_line' id='line_1_30' title="bbox 224 1709 898 1751; baseline 0.001 -11"><span class='ocrx_word' id='word_1_206' title='bbox 224 1709 386 1751; x_wconf 52' lang='lat' dir='ltr'>Detlefse&#39;n</span> <span class='ocrx_word' id='word_1_207' title='bbox 402 1723 409 1741; x_wconf 75' lang='lat'>2</span> <span class='ocrx_word' id='word_1_208' title='bbox 444 1713 549 1750; x_wconf 82' lang='lat' dir='ltr'>atque</span> <span class='ocrx_word' id='word_1_209' title='bbox 565 1714 622 1741; x_wconf 82' lang='lat' dir='ltr'>aut</span> <span class='ocrx_word' id='word_1_210' title='bbox 638 1709 689 1740; x_wconf 86' lang='lat' dir='ltr'>his</span> <span class='ocrx_word' id='word_1_211' title='bbox 707 1719 793 1749; x_wconf 85' lang='lat' dir='ltr'>quae</span> <span class='ocrx_word' id='word_1_212' title='bbox 810 1710 898 1741; x_wconf 86' lang='lat' dir='ltr'>codd.</span> 
     </span>
    </p>
   </div>
   <div class='ocr_carea' id='block_1_4' title="bbox 222 1765 878 1771">
    <p class='ocr_par' dir='ltr' id='par_1_8' title="bbox 222 1765 878 1771">
     <span class='ocr_line' id='line_1_31' title="bbox 222 1765 878 1771; baseline 0 0"><span class='ocrx_word' id='word_1_213' title='bbox 222 1765 878 1771; x_wconf 95' lang='lat' dir='ltr'> </span> 
     </span>
    </p>
   </div>
   <div class='ocr_carea' id='block_1_5' title="bbox 217 1795 1393 2052">
    <p class='ocr_par' dir='ltr' id='par_1_9' title="bbox 262 1795 952 1836">
     <span class='ocr_line' id='line_1_32' title="bbox 262 1795 952 1836; baseline -0.001 -9"><span class='ocrx_word' id='word_1_214' title='bbox 262 1800 276 1815; x_wconf 82' lang='lat'><strong>⁰</strong></span> <span class='ocrx_word' id='word_1_215' title='bbox 304 1796 360 1832; x_wconf 88' lang='lat' dir='ltr'>Or,</span> <span class='ocrx_word' id='word_1_216' title='bbox 378 1800 399 1812; x_wconf 88' lang='lat'>“</span> <span class='ocrx_word' id='word_1_217' title='bbox 410 1796 561 1827; x_wconf 82' lang='lat' dir='ltr'>nerves.&#39;&#39;</span> <span class='ocrx_word' id='word_1_218' title='bbox 609 1795 669 1826; x_wconf 87' lang='lat' dir='ltr'>See</span> <span class='ocrx_word' id='word_1_219' title='bbox 684 1806 717 1836; x_wconf 87' lang='lat' dir='ltr'>p.</span> <span class='ocrx_word' id='word_1_220' title='bbox 733 1796 810 1832; x_wconf 84' lang='lat'>436,</span> <span class='ocrx_word' id='word_1_221' title='bbox 825 1797 906 1826; x_wconf 82' lang='lat' dir='ltr'>note</span> <span class='ocrx_word' id='word_1_222' title='bbox 921 1806 952 1826; x_wconf 87' lang='grc' dir='ltr'>α.</span> 
     </span>
    </p>

    <p class='ocr_par' dir='ltr' id='par_1_10' title="bbox 264 1838 946 1879">
     <span class='ocr_line' id='line_1_33' title="bbox 264 1838 946 1879; baseline 0.001 -10"><span class='ocrx_word' id='word_1_223' title='bbox 264 1839 276 1858; x_wconf 71' lang='lat'><em>⁶</em></span> <span class='ocrx_word' id='word_1_224' title='bbox 300 1839 393 1869; x_wconf 91' lang='lat' dir='ltr'>With</span> <span class='ocrx_word' id='word_1_225' title='bbox 411 1838 470 1869; x_wconf 89' lang='lat' dir='ltr'>the</span> <span class='ocrx_word' id='word_1_226' title='bbox 486 1838 625 1879; x_wconf 84' lang='lat' dir='ltr'>reading</span> <span class='ocrx_word' id='word_1_227' title='bbox 642 1849 776 1875; x_wconf 73' lang='lat' dir='ltr'>merum,</span> <span class='ocrx_word' id='word_1_228' title='bbox 796 1840 815 1850; x_wconf 82' lang='lat'>“</span> <span class='ocrx_word' id='word_1_229' title='bbox 830 1838 946 1870; x_wconf 80' lang='lat' dir='ltr'>neat.&#39;&#39;</span> 
     </span>
    </p>

    <p class='ocr_par' dir='ltr' id='par_1_11' title="bbox 217 1881 1393 2052">
     <span class='ocr_line' id='line_1_34' title="bbox 261 1881 1393 1922; baseline 0.001 -10"><span class='ocrx_word' id='word_1_230' title='bbox 261 1887 272 1900; x_wconf 78' lang='lat'>⁶</span> <span class='ocrx_word' id='word_1_231' title='bbox 295 1882 365 1912; x_wconf 85' lang='lat' dir='ltr'>The</span> <span class='ocrx_word' id='word_1_232' title='bbox 379 1886 455 1912; x_wconf 76' lang='lat' dir='ltr'>text</span> <span class='ocrx_word' id='word_1_233' title='bbox 468 1882 496 1912; x_wconf 87' lang='lat' dir='ltr'>is</span> <span class='ocrx_word' id='word_1_234' title='bbox 511 1883 543 1912; x_wconf 91' lang='lat' dir='ltr'>in</span> <span class='ocrx_word' id='word_1_235' title='bbox 559 1885 653 1922; x_wconf 84' lang='lat' dir='ltr'>great</span> <span class='ocrx_word' id='word_1_236' title='bbox 664 1881 815 1912; x_wconf 84' lang='lat' dir='ltr'>disorder</span> <span class='ocrx_word' id='word_1_237' title='bbox 829 1881 918 1918; x_wconf 80' lang='lat' dir='ltr'>here,</span> <span class='ocrx_word' id='word_1_238' title='bbox 933 1881 1001 1912; x_wconf 87' lang='lat' dir='ltr'>and</span> <span class='ocrx_word' id='word_1_239' title='bbox 1015 1881 1074 1912; x_wconf 83' lang='lat' dir='ltr'>the</span> <span class='ocrx_word' id='word_1_240' title='bbox 1084 1882 1268 1913; x_wconf 76' lang='lat' dir='ltr'>translator</span> <span class='ocrx_word' id='word_1_241' title='bbox 1281 1883 1309 1913; x_wconf 80' lang='lat' dir='ltr'>is</span> <span class='ocrx_word' id='word_1_242' title='bbox 1323 1882 1393 1913; x_wconf 83' lang='lat' dir='ltr'>also</span> 
     </span>
     <span class='ocr_line' id='line_1_35' title="bbox 217 1923 1393 1966; baseline 0.001 -11"><span class='ocrx_word' id='word_1_243' title='bbox 217 1924 375 1956; x_wconf 82' lang='lat' dir='ltr'>troubled</span> <span class='ocrx_word' id='word_1_244' title='bbox 400 1924 445 1964; x_wconf 93' lang='lat' dir='ltr'>by</span> <span class='ocrx_word' id='word_1_245' title='bbox 470 1924 597 1965; x_wconf 86' lang='lat' dir='ltr'>having</span> <span class='ocrx_word' id='word_1_246' title='bbox 620 1934 664 1954; x_wconf 91' lang='lat' dir='ltr'>no</span> <span class='ocrx_word' id='word_1_247' title='bbox 690 1923 830 1965; x_wconf 84' lang='lat' dir='ltr'>English</span> <span class='ocrx_word' id='word_1_248' title='bbox 855 1924 946 1955; x_wconf 90' lang='lat' dir='ltr'>word</span> <span class='ocrx_word' id='word_1_249' title='bbox 972 1924 1080 1955; x_wconf 86' lang='lat' dir='ltr'>which</span> <span class='ocrx_word' id='word_1_250' title='bbox 1105 1925 1202 1956; x_wconf 89' lang='lat' dir='ltr'>could</span> <span class='ocrx_word' id='word_1_251' title='bbox 1228 1925 1332 1966; x_wconf 81' lang='lat' dir='ltr'>apply</span> <span class='ocrx_word' id='word_1_252' title='bbox 1356 1929 1393 1956; x_wconf 92' lang='lat' dir='ltr'>to</span> 
     </span>
     <span class='ocr_line' id='line_1_36' title="bbox 217 1967 1393 2008; baseline 0 -9"><span class='ocrx_word' id='word_1_253' title='bbox 217 1969 384 2008; x_wconf 82' lang='lat' dir='ltr'>over-ripe</span> <span class='ocrx_word' id='word_1_254' title='bbox 404 1968 488 1997; x_wconf 87' lang='lat' dir='ltr'>wine</span> <span class='ocrx_word' id='word_1_255' title='bbox 508 1967 575 1997; x_wconf 86' lang='lat' dir='ltr'>and</span> <span class='ocrx_word' id='word_1_256' title='bbox 596 1967 666 1998; x_wconf 85' lang='lat' dir='ltr'>also</span> <span class='ocrx_word' id='word_1_257' title='bbox 685 1970 722 1998; x_wconf 86' lang='lat' dir='ltr'>to</span> <span class='ocrx_word' id='word_1_258' title='bbox 741 1967 871 2008; x_wconf 84' lang='lat' dir='ltr'>rotting</span> <span class='ocrx_word' id='word_1_259' title='bbox 889 1967 996 1998; x_wconf 80' lang='lat' dir='ltr'>wood.</span> <span class='ocrx_word' id='word_1_260' title='bbox 1046 1968 1184 1999; x_wconf 71' lang='lat' dir='ltr'>Traxere</span> <span class='ocrx_word' id='word_1_261' title='bbox 1204 1968 1303 1999; x_wconf 83' lang='lat' dir='ltr'>could</span> <span class='ocrx_word' id='word_1_262' title='bbox 1322 1968 1393 1999; x_wconf 81' lang='lat' dir='ltr'>also</span> 
     </span>
     <span class='ocr_line' id='line_1_37' title="bbox 217 2009 1392 2052; baseline 0.001 -10"><span class='ocrx_word' id='word_1_263' title='bbox 217 2021 316 2042; x_wconf 86' lang='lat' dir='ltr'>mean</span> <span class='ocrx_word' id='word_1_264' title='bbox 338 2011 357 2023; x_wconf 77' lang='lat'>‘⁶</span> <span class='ocrx_word' id='word_1_265' title='bbox 372 2010 460 2041; x_wconf 82' lang='lat' dir='ltr'>have</span> <span class='ocrx_word' id='word_1_266' title='bbox 477 2010 655 2050; x_wconf 82' lang='lat' dir='ltr'>delayed,&#39;&#39;</span> <span class='ocrx_word' id='word_1_267' title='bbox 672 2009 739 2040; x_wconf 83' lang='lat' dir='ltr'>and</span> <span class='ocrx_word' id='word_1_268' title='bbox 761 2010 843 2041; x_wconf 79' lang='lat' dir='ltr'>then</span> <span class='ocrx_word' id='word_1_269' title='bbox 859 2010 918 2042; x_wconf 83' lang='lat' dir='ltr'>the</span> <span class='ocrx_word' id='word_1_270' title='bbox 934 2020 1075 2051; x_wconf 83' lang='lat' dir='ltr'>passage</span> <span class='ocrx_word' id='word_1_271' title='bbox 1091 2011 1187 2050; x_wconf 88' lang='lat' dir='ltr'>(with</span> <span class='ocrx_word' id='word_1_272' title='bbox 1202 2012 1282 2043; x_wconf 74' lang='lat' dir='ltr'>aliis</span> <span class='ocrx_word' id='word_1_273' title='bbox 1297 2013 1392 2052; x_wconf 81' lang='lat' dir='ltr'>quae)</span> 
     </span>
    </p>
   </div>
   <div class='ocr_carea' id='block_1_6' title="bbox 214 2085 286 2119">
    <p class='ocr_par' dir='ltr' id='par_1_12' title="bbox 214 2085 286 2119">
     <span class='ocr_line' id='line_1_38' title="bbox 214 2085 286 2119; baseline -0.014 0"><span class='ocrx_word' id='word_1_274' title='bbox 214 2085 286 2119; x_wconf 86' lang='lat'>440</span> 
     </span>
    </p>
   </div>
  </div>
 </body>
</html>
