1469 2299
133 588 174 615 54)

131 906 167 935 51

133 1333 173 1363 52

405 156 598 193 PLINY:
644 156 907 193 NATURAL
940 156 1176 194 HISTORY

205 261 365 295 eveniet
384 264 454 295 aut
473 261 503 294 si
523 271 661 294 cruore
680 256 964 294 suffunduntur
981 258 1097 302 oculi,
1117 257 1179 294 vel
1196 261 1227 295 si
1247 258 1376 295 lemae

205 315 242 348 in
265 312 387 348 oculis
411 317 543 355 erunt,
566 314 730 348 minime
754 312 889 360 lingua
912 311 1082 361 fungosa
1105 317 1147 348 et
1163 311 1178 334 1
1200 315 1311 362 gravi
1335 318 1377 349 et

203 366 371 402 subinde
394 364 618 415 inperfecta
641 366 911 414 loquentibus,
934 378 1007 401 nec
1028 368 1059 401 si
1083 367 1196 401 urina
1217 365 1374 402 difficile

204 419 410 461 reddetur,
464 431 597 468 neque
651 419 1012 467 expavescentibus
1065 424 1249 467 repente,
1301 432 1376 456 nec

203 475 384 522 spasticis
406 478 478 508 aut
504 485 637 508 rursus
666 472 934 521 torpentibus,
962 485 1035 508 nec
1062 474 1093 508 si
1119 485 1191 521 per
1217 485 1375 509 somnos

202 528 389 576 genitura
411 525 651 562 effundetur.

256 579 380 615 XXV.
411 579 693 615 Cardiacorum
722 579 860 615 morbo
881 581 1039 614 unicam
1063 591 1176 627 spem
1195 578 1264 615 in²
1285 581 1376 616 vino

205 645 291 668 esse
304 638 459 669 certum
474 638 547 669 est.
592 632 662 668 sed
675 632 715 668 id
728 632 906 668 dandum
920 645 998 668 non
1012 634 1085 668 nisi
1097 634 1137 668 in
1151 635 1376 669 accessione

203 692 384 729 censent,
406 686 469 722 alii
496 699 573 722 non
598 688 671 721 nisi
695 688 735 721 in
759 688 1005 728 remissione,
1029 685 1097 729 illi,
1121 691 1167 722 ut
1190 686 1376 723 sudorem

205 745 431 783 coerceant,
448 738 502 783 hi,
520 741 612 788 quia
631 741 758 775 tutius
775 744 922 788 putant
939 741 1147 775 minuente
1164 752 1207 775 se
1224 740 1376 783 morbo,

204 806 324 842 quam
351 793 524 842 plurium
551 795 797 829 sententiam
826 805 912 828 esse
941 793 1069 829 video.
1123 792 1207 830 dari
1235 796 1376 842 utique

202 860 279 882 non
298 849 370 883 nisi
388 849 429 882 in
446 847 534 882 cibo
553 846 691 889 debet,
710 859 783 882 nec
801 859 824 882 a
841 859 994 889 somno,
1012 858 1085 882 nec
1103 847 1375 895 praecedente

201 900 276 937 alio
295 906 408 949 potu,
426 899 500 936 hoc
520 905 582 936 est
600 902 741 948 utique
759 902 928 943 sitienti,
946 912 1020 935 nec
1038 902 1111 935 nisi
1131 902 1170 935 in
1189 900 1376 949 despera-

202 956 311 990 tione
339 966 540 1003 suprema,
568 959 610 990 et
637 956 718 989 viro
745 952 898 989 facilius
926 965 1047 1002 quam
1074 952 1264 997 feminae,
1290 957 1373 991 seni

201 1020 321 1056 quam
366 1010 512 1050 iuveni,
555 1009 688 1043 iuveni
733 1019 853 1055 quam
896 1019 1034 1055 puero,
1078 1005 1210 1043 hieme
1254 1020 1375 1056 quam

201 1066 374 1104 aestate,
405 1061 584 1097 adsuetis
615 1062 748 1110 potius
780 1073 901 1108 quam
933 1060 1179 1109 expertibus.
1234 1061 1375 1098 modus

200 1114 321 1151 dandi
358 1127 428 1163 pro
463 1113 720 1150 vehementia
756 1116 849 1157 vini,
884 1116 984 1149 item
1018 1116 1196 1150 mixtura
1231 1127 1373 1163 aquae.

200 1168 319 1217 vulgo
354 1170 450 1204 satis
486 1173 633 1216 putant
668 1181 792 1203 unum
826 1167 1019 1217 cyathum
1054 1167 1210 1204 duobus
1245 1181 1375 1217 aquae

199 1224 367 1258 misceri.
423 1224 455 1257 si
475 1221 681 1257 dissolutio
702 1223 753 1257 sit
773 1220 981 1263 stomachi,
1001 1220 1194 1264 dandum,
1213 1224 1244 1257 si
1265 1222 1374 1258 cibus

200 1289 279 1311 non
299 1274 534 1318 descendat,
554 1274 735 1311 iterum.³

254 1328 400 1364 XXVI.
432 1328 520 1364 Vini
544 1340 695 1378 genera
719 1340 823 1377 quae
847 1327 941 1377 fingi
965 1327 1171 1364 docuimus
1194 1341 1267 1364 nec
1290 1328 1374 1365 fieri

200 1384 278 1418 iam
296 1383 467 1418 arbitror
483 1387 525 1418 et
541 1394 832 1431 supervacuum
849 1394 986 1417 eorum
1007 1381 1154 1425 usum‚4
1171 1394 1261 1418 cum
1281 1384 1374 1431 ipsis

200 1436 317 1472 rebus
349 1448 397 1472 ex
425 1436 568 1485 quibus
599 1435 806 1485 finguntur
835 1434 1049 1471 doceamus
1081 1438 1150 1472 uti.
1207 1441 1250 1472 et
1279 1435 1374 1473 alias

250 1553 261 1572 ¹
286 1557 320 1584 et
336 1553 403 1585 cod.
417 1564 455 1585 a:
492 1563 553 1585 nec
569 1553 680 1595 plures
696 1553 797 1590 codd..
816 1552 912 1594 vuly„
926 1552 1107 1595 Deilefsen:
1144 1553 1198 1584 vel
1210 1558 1268 1586 vet.
1283 1554 1371 1592 Dal„

206 1596 432 1680 ngilxziojzjycizly„
449 1638 613 1681 Dellefsen
630 1652 636 1670 :
666 1638 753 1670 hanc
769 1649 787 1670 e
803 1638 959 1679 Mayhoff
970 1651 976 1670 :
1007 1638 1094 1670 hanc
1108 1639 1197 1671 codd.

251 1682 264 1701 ³
289 1684 411 1714 iterum
441 1682 592 1714 Urlichs:
619 1683 705 1713 inter
731 1682 786 1722 (ad
809 1687 988 1723 sequentem
1010 1682 1201 1714 sententiam
1222 1683 1371 1722 relatum)

201 1726 401 1799 cmid-eorum
418 1779 518 1799 usum
535 1767 707 1809 Dedefsen,
726 1767 894 1808 Mayhoff:
923 1770 976 1799 est,
994 1777 1111 1799 eorum
1132 1778 1231 1799 usum
1253 1768 1372 1800 dooere

204 1811 310 1852 Silliq.

238 1972 253 1987 ⁰
276 1967 370 1999 With
389 1967 447 1998 the
468 1967 605 2008 reading
620 1978 695 1998 nec:
722 1970 743 1984 “
756 1977 818 1998 nor
833 1966 929 1999 when
946 1967 973 1998 it
991 1967 1018 1998 is
1034 1967 1146 2009 heavy
1164 1966 1231 1999 and
1251 1968 1371 2010 speech

196 2012 223 2042 is
240 2010 375 2042 blurred
391 2010 478 2041 from
496 2011 578 2041 time
595 2014 630 2041 to
647 2009 765 2041 time.''

195 2085 263 2129 448
