1469 2299
120 207 178 238 197

121 848 179 877 198

124 1360 180 1391 199

413 99 604 136 PLINY:
650 98 910 135 NATURAL
944 98 1177 135 HISTORY

257 201 415 238 LXXV.
445 201 704 250 Sacopenium
743 200 847 249 quod
884 200 989 249 apud
1025 213 1093 236 nos
1130 202 1306 247 gignitur
1341 203 1377 236 in

206 272 336 302 totum
389 267 652 302 transmarino
704 264 910 301 alienatur.
967 263 1059 300 illud
1115 266 1218 300 enim
1272 263 1375 300 ham-

206 332 372 366 moniaci
390 329 573 366 lacrimae
589 328 715 365 simile
732 341 974 378 sagapemon
990 334 1163 365 vocatur.
1220 328 1377 377 prodest

207 394 376 430 laterum
418 399 458 430 et
500 395 670 442 pectoris
711 392 922 434 doloribus,
964 391 1167 435 convolsis,
1208 393 1379 428 tussibus

209 460 374 494 vetustis
413 457 825 506 excreationibusque,
865 456 1182 506 praecordiorum
1219 458 1378 492 tumori-

207 523 290 558 bus.
346 528 460 558 sanat
492 527 532 558 et
565 523 792 571 vertigines,
823 519 1027 563 tremulos,
1058 519 1380 569 opisthotonicos,

208 586 343 629 lienes,
367 585 534 629 lumbos,
558 584 843 634 perfrictiones.
898 584 1016 621 datur
1038 582 1307 620 olfactandum
1332 597 1378 620 ex

207 656 321 686 aceto
346 652 383 685 in
411 649 661 699 strangulatu
688 648 838 685 vulvae.
893 650 1036 685 ceteris
1062 653 1102 684 et
1128 650 1239 697 potui
1265 647 1382 684 datur

208 721 247 750 et
289 728 376 750 cum
419 713 506 750 oleo
547 713 762 749 infricatur.
818 712 979 762 prodest
1021 718 1062 749 et
1102 718 1239 749 contra
1279 711 1382 748 mala

207 778 511 814 medicamenta.

260 842 438 878 LXXVI.
471 840 680 891 Papaveris
708 843 821 877 sativi
850 843 927 877 tria
954 840 1124 877 diximus
1151 853 1313 890 genera,
1341 846 1382 877 et

207 912 349 955 sponte
388 908 585 942 nascentis
631 905 706 941 alia
751 907 1011 954 promisimus.
1068 917 1089 940 e
1126 906 1260 941 sativis
1304 904 1381 941 albi

207 970 305 1006 calix
345 972 428 1019 ipse
464 972 608 1006 teritur
645 975 686 1006 et
723 982 744 1006 e
781 972 870 1006 vino
905 969 1055 1005 bibitur
1090 970 1215 1004 somni
1251 981 1380 1005 causa.

207 1048 342 1071 semen
386 1033 646 1083 elephantiasi
699 1033 895 1070 medetur.
951 1046 973 1069 e
1025 1035 1135 1082 nigro
1186 1045 1382 1082 papavere

207 1112 323 1147 sopor
343 1101 520 1148 gignitur
540 1111 658 1147 scapo
679 1099 813 1141 inciso,
835 1103 879 1134 ut
902 1098 1096 1147 Diagoras
1117 1096 1273 1140 suadet,
1294 1109 1382 1133 cum

209 1165 415 1212 turgescit,
440 1168 484 1199 ut
511 1162 639 1205 Iollas,
662 1175 751 1198 cum
775 1161 1013 1204 deflorescit,
1035 1159 1130 1197 hora
1154 1162 1281 1197 sereni
1306 1160 1382 1197 diei

207 1229 341 1270 tertia,
362 1226 434 1263 hoc
456 1232 515 1263 est
536 1240 625 1263 cum
646 1239 706 1263 ros
727 1228 766 1262 in
788 1239 835 1262 eo
855 1227 1067 1262 exaruerit.
1108 1224 1223 1261 incidi
1245 1225 1383 1261 iubent

207 1291 280 1327 sub
296 1294 427 1340 capite
446 1296 485 1327 et
503 1290 637 1334 calice,
655 1303 727 1326 nec
744 1292 782 1326 in
799 1289 874 1326 alio
891 1302 1038 1339 genere
1056 1291 1183 1338 ipsum
1201 1288 1385 1325 inciditur

206 1361 338 1404 caput.
394 1368 508 1391 sucus
545 1360 586 1391 et
621 1354 683 1390 hic
719 1360 760 1391 et
795 1353 943 1390 herbae
978 1355 1260 1402 cuiuscumque
1295 1352 1385 1388 lana

211 1422 405 1468 excipitur
445 1425 528 1463 aut,
568 1421 598 1455 si
641 1421 807 1468 exiguus
848 1424 923 1461 est,
963 1430 1097 1467 ungue
1137 1416 1300 1466 pollicis,
1340 1422 1385 1454 ut

204 1483 378 1526 lactucis,
402 1489 443 1519 et
475 1488 635 1532 postero
667 1482 732 1519 die
764 1484 890 1532 magis
923 1481 1028 1531 quod
1052 1483 1209 1517 inaruit.
1264 1493 1385 1530 papa-

203 1550 301 1584 veris
330 1560 422 1584 vero
450 1547 582 1598 largus
614 1546 831 1583 densatur¹
865 1552 906 1583 et
932 1548 972 1582 in
1000 1545 1176 1595 pastillos
1202 1547 1319 1582 tritus
1344 1546 1385 1580 in

209 1612 348 1648 umbra
376 1614 558 1655 siccatur,
587 1624 665 1648 non
697 1613 731 1647 vi
765 1609 980 1660 soporifera
1008 1609 1140 1653 modo,
1174 1622 1323 1652 verum,
1353 1610 1384 1645 si

211 1677 402 1725 copiosior
442 1674 660 1718 hauriatur,
703 1677 825 1711 etiam
867 1672 1071 1711 mortifera
1104 1686 1175 1723 per
1214 1686 1382 1710 somnos.

259 1777 268 1794 ¹
293 1777 470 1815 densatur]
502 1776 665 1807 densatus
698 1776 862 1816 Mayhoff,
893 1776 950 1816 qui
988 1780 1059 1816 post
1096 1775 1224 1806 inaruit
1260 1785 1385 1806 comma

212 1821 305 1860 ponit
323 1826 350 1852 et
369 1819 549 1861 papaveris
574 1830 653 1851 vero
672 1819 785 1861 largus
804 1819 900 1850 uncis
918 1818 1069 1849 includit.

625 1974 641 1990 ⁰
663 1970 724 2002 See
744 1970 843 2001 XIX.
863 1971 876 2008 ξ
895 1970 966 2000 168.

212 2044 280 2077 114
