1469 2299
114 635 149 665 12

378 100 572 138 PLINY:
617 100 877 137 NATURAL
912 98 1147 136 HISTORY

176 209 218 241 et
253 206 442 246 manium,
479 215 713 252 summaque
749 204 962 238 auctoritas
999 202 1131 251 pactili
1169 214 1349 244 coronae,

176 263 219 293 ut
240 259 279 293 in
300 257 491 293 Saliorum
512 258 629 292 sacris
650 258 869 292 invenimus
890 255 1099 291 sollemnes
1127 256 1280 303 †cenas
1295 254 1348 301 ἢ.)

176 313 369 347 transiere
395 310 540 346 deinde
566 309 616 346 ad
643 311 801 352 rosaria.
829 321 955 357 eoque
983 308 1135 344 luxuria
1161 310 1350 356 processit

177 370 219 400 ut
256 377 332 399 non
367 369 472 400 esset
505 366 634 412 gratia
669 365 740 398 nisi
774 375 883 398 mero
912 361 1004 397 folio
1034 361 1229 405 sutilibus,
1259 375 1347 397 mox

178 419 313 466 petitis
331 417 381 453 ab
399 416 511 452 India
529 422 596 452 aut
614 415 717 452 ultra
740 415 869 451 Indos.
924 414 1187 451 lautissimum
1204 417 1350 463 quippe

177 470 347 506 habetur
370 482 391 505 e
414 470 523 506 nardi
548 469 640 505 folio
663 482 728 505 eas
750 468 833 504 dari
857 474 926 504 aut
949 473 1060 504 veste
1082 467 1214 504 Serica
1236 470 1352 503 versi-

177 523 307 566 colori,
350 525 564 573 unguentis
607 522 778 558 madida.
834 521 936 558 hunc
978 521 1101 557 habet
1143 523 1352 557 novissime

178 579 329 613 exitum
360 576 513 612 luxuria
543 575 791 611 feminarum.

232 629 298 666 IX.
330 630 380 665 Et
406 629 511 678 apud
537 629 708 665 Graecos
734 627 895 678 quidem
919 627 969 664 de
994 629 1144 663 coronis
1169 629 1352 676 privatim

178 685 368 732 scripsere
401 689 442 719 et
477 681 728 718 Mnesitheus
762 687 884 730 atque
917 680 1178 717 Callimachus
1212 680 1353 717 medici

178 749 281 785 quae
309 742 496 772 nocerent
524 738 658 784 capiti,
686 737 872 784 quoniam
901 740 941 770 et
969 737 1008 770 in
1036 733 1108 770 hoc
1136 739 1196 770 est
1223 733 1353 782 aliqua

179 789 404 825 valitudinis
427 792 569 838 portio,
592 791 630 824 in
654 795 751 837 potu
774 794 896 837 atque
919 787 1120 823 hilaritate
1142 790 1354 836 praecipue

178 842 341 879 odorum
362 845 397 878 vi
418 843 660 891 subrepente
679 841 886 883 fallaciter,
906 840 1099 877 scelerata
1119 840 1354 889 Cleopatrae

179 895 364 932 sollertia.
420 908 592 945 namque
620 898 658 931 in
686 901 880 944 apparatu
907 894 998 930 belli
1027 895 1179 930 Actiaci
1207 893 1354 943 gratifi-

179 951 377 985 cationem
412 951 530 998 ipsius
567 951 727 998 reginae
762 949 937 984 Antonio
970 950 1141 983 timente
1176 960 1248 983 nec
1283 949 1351 982 nisi

179 1008 457 1052 praegustatos
500 1003 606 1038 cibos
649 1007 833 1038 sumente
880 1000 1006 1036 fertur
1052 1000 1224 1049 pavore²
1272 1003 1353 1036 eius

182 1056 317 1092 lusisse
368 1058 556 1092 extremis
606 1068 774 1091 coronae
824 1054 982 1090 floribus
1033 1067 1186 1089 veneno
1236 1053 1354 1089 inlitis

180 1111 344 1158 ipsaque
378 1111 497 1158 capiti
534 1111 717 1157 inposita,
752 1121 842 1144 mox
877 1107 1120 1157 procedente
1154 1106 1355 1143 hilaritate

181 1164 361 1199 invitavit
396 1163 615 1199 Antonium
652 1168 695 1198 ut
730 1174 892 1197 coronas
926 1161 1123 1197 biberent.
1179 1162 1265 1209 quis
1299 1162 1355 1196 ita

180 1218 342 1252 timeret
375 1216 561 1252 insidias?
616 1228 710 1265 ergo
739 1214 980 1263 concerpta3
1011 1216 1049 1249 in
1078 1213 1271 1263 scyphum
1300 1215 1355 1249 in-

180 1271 340 1318 cipienti
366 1268 522 1305 haurire
546 1271 725 1317 opposita
751 1281 892 1304 manu:
932 1280 980 1304 en
1006 1280 1080 1317 ego
1104 1280 1204 1309 sum,
1228 1268 1355 1315 inquit

180 1322 258 1366 illa,
292 1321 429 1359 Marce
460 1323 624 1365 Antoni,
655 1335 773 1371 quam
805 1327 848 1357 tu
879 1334 981 1357 nova
1010 1322 1355 1369 praegustantium

180 1375 387 1426 diligentia
409 1389 537 1419 caves,
562 1375 662 1412 adeo
685 1375 794 1418 milii,
817 1377 847 1411 si
871 1376 1016 1423 possim
1040 1376 1123 1410 sine
1146 1379 1188 1409 te
1211 1375 1355 1416 vivere,

181 1431 332 1466 occasio
357 1435 426 1466 aut
450 1431 551 1466 ratio
578 1429 714 1465 deest!
763 1428 884 1464 inde4
909 1428 1111 1464 inductam
1135 1426 1354 1463 custodiam

229 1532 241 1551 ¹
265 1542 366 1563 cenas
387 1531 500 1563 codd.:
531 1541 634 1562 cenae
655 1534 712 1570 (sc.
734 1531 913 1570 transiere)
934 1529 1017 1559 coni.
1045 1528 1216 1569 Maylmff:
1247 1539 1302 1568 eqo
1325 1534 1355 1559 ut

185 1575 339 1615 spurium
365 1573 486 1604 notavi.
533 1575 684 1605 Fortasse
710 1574 815 1604 scriba
843 1573 889 1603 ita
916 1574 1016 1603 sacris
1044 1572 1273 1611 interpretatu-3
1299 1577 1354 1602 est.

229 1618 242 1636 ²
265 1628 392 1658 pavore
413 1628 487 1648 cum
512 1617 672 1657 plerisque
694 1617 784 1647 codd.
811 1615 984 1655 Maylzqff:
1022 1625 1184 1655 pavorem
1209 1614 1306 1654 Silliq
1328 1619 1356 1645 el

185 1660 360 1701 Dellessen.
407 1660 539 1700 Confert
557 1660 621 1690 IX.
641 1660 654 1697 ἓ
672 1660 732 1690 139
750 1664 776 1689 e!
798 1658 860 1689 XI.
879 1659 893 1697 §
911 1659 971 1689 123
992 1658 1154 1697 Mstfflfflsf·

227 1702 241 1720 ³
266 1707 449 1744 concerpta
471 1713 545 1733 cum
567 1702 657 1733 codd.
682 1701 868 1742 Detlefsen:
904 1704 1123 1741 concerptam
1149 1699 1311 1740 Mayhoff.

229 1745 243 1764 ⁴
266 1746 344 1777 inde
364 1747 439 1777 add.
460 1745 611 1785 Lipsius.

227 1845 242 1860 ⁰
263 1841 336 1876 I.e.,
354 1840 436 1871 with
457 1850 501 1870 no
520 1839 662 1879 philyra.

229 1883 241 1903 ¹²
264 1883 332 1915 Or:
366 1884 385 1896 “
400 1882 516 1913 raidcd
535 1882 594 1912 the
613 1880 883 1922 rose-gardens.’'

229 1931 241 1946 ⁰
264 1926 387 1957 Others
406 1926 487 1956 take
507 1926 534 1956 it
553 1929 590 1956 to
610 1934 709 1955 mean
731 1924 751 1936 ‘⁴
765 1924 825 1954 her
844 1923 967 1954 head.’'
1015 1922 1050 1953 If
1065 1922 1133 1952 this
1155 1922 1195 1952 be
1215 1926 1354 1957 correct,

183 1969 242 2001 the
253 1968 458 2000 translation
472 1967 510 1999 of
518 1967 578 1999 the
589 1967 673 1999 lines
685 1967 765 1998 that
776 1966 889 1998 follow
903 1969 996 1997 must
1009 1965 1050 1997 be
1062 1965 1201 2006 slightly
1214 1964 1352 1995 altered.

182 2030 249 2067 168
