1469 2299
165 231 183 259 8

140 1191 177 1222 10

410 123 604 160 PLINY:
649 123 911 160 NATURAL
943 123 1178 161 HISTORY

256 223 300 260 V.
332 223 554 273 Omphacio
569 224 758 261 cohaeret
771 224 975 261 oenanthe
990 238 1110 274 quam
1123 228 1226 263 vites
1246 226 1379 263 silves-

206 284 286 314 tres
308 277 458 320 ferunt,
476 278 584 314 dicta
604 278 717 314 nobis
739 280 778 314 in
799 281 997 328 unguenti
1019 281 1187 315 ratione.
1245 279 1380 316 lauda-

205 333 359 367 tissima
379 334 419 366 in
441 330 568 381 Syria,
600 333 775 368 maxime
805 334 908 368 circa
937 332 1178 369 Antiochiae
1209 338 1251 369 et
1281 333 1378 370 Lao—

205 384 332 421 diciae
353 390 512 421 montes
534 390 576 420 et
598 398 646 420 ex
669 384 760 421 alba
779 387 875 421 vite.
932 384 1160 435 refrigerat,
1177 388 1378 436 astringit,

206 437 434 474 vulneribus
479 440 738 488 inspergitur,
783 438 990 475 stomacho
1033 439 1228 482 inlinitur,
1273 440 1380 476 utilis

206 494 358 534 urinae,
408 493 605 535 iocineris,
655 494 797 541 capitis
847 491 1063 535 doloribus,
1113 492 1380 542 dysintericis,

205 544 400 588 coeliacis,
430 544 650 587 cholericis,
679 550 819 581 contra
848 544 1010 582 fastidia
1039 545 1156 582 obolo
1186 559 1234 582 ex
1265 552 1380 584 aceto

205 604 312 647 pota.
369 600 491 634 siccat
522 599 766 635 manantes1
799 601 941 648 capitis
974 601 1220 648 eruptiones,
1253 600 1380 637 effica-

204 654 361 688 cissima
392 651 442 688 ad
473 654 570 687 vitia
602 664 705 701 quae
737 654 818 688 sint
848 655 888 688 in
919 652 1078 696 umidis,
1109 652 1200 689 ideo
1232 659 1274 690 et
1304 656 1380 690 oris

207 705 404 741 ulceribus
439 710 482 741 et
516 705 699 741 verendis
729 718 774 741 ac
802 705 887 742 sedi
916 719 1006 742 cum
1034 706 1154 742 melle
1184 712 1225 743 et
1253 720 1378 744 croco.

164 773 173 794 ·.
204 759 337 795 alvum
369 760 489 801 sistit,
519 771 715 808 genarum
746 759 974 795 scabritiem
1008 759 1199 796 emendat
1230 760 1380 797 oculor-

206 825 353 861 umque
366 812 676 855 lacrimationes,
691 825 739 848 ex
755 814 845 849 vino
857 812 1053 849 stomachi
1064 813 1380 857 dissolutionem,

205 879 252 902 ex
282 879 385 914 aqua
413 864 557 915 frigida
585 871 681 914 pota
706 868 911 915 sanguinis
939 869 1229 903 excreationes.
1284 870 1381 904 cinis

205 922 288 955 eius
309 919 359 955 ad
379 919 541 969 collyria
562 925 603 955 et
624 919 674 955 ad
695 919 828 955 ulcera
847 919 1057 969 purganda
1077 926 1119 956 et
1138 920 1381 970 paronychia

205 978 246 1009 et
276 975 464 1022 pterygia
494 973 700 1022 probatur.
758 975 887 1009 uritur
910 976 949 1009 in
974 972 1090 1009 furno
1115 973 1243 1010 donec
1267 977 1380 1023 panis

206 1031 487 1075 percoquatur.
543 1028 728 1062 massaris
765 1026 952 1063 odoribus
989 1032 1150 1063 tantum
1186 1030 1381 1077 gignitur,

204 1081 419 1128 omniaque
459 1092 507 1115 ea
547 1079 716 1116 aviditas
759 1079 922 1116 humani
963 1082 1113 1129 ingenii
1153 1081 1381 1118 nobilitavit

206 1145 346 1182 rapere
367 1131 611 1169 festinando.

273 1186 342 1222 VI.
375 1186 741 1222 Maturescentium
764 1192 902 1222 autem
930 1199 1030 1222 uvae
1059 1185 1380 1224 vehementiores

204 1242 357 1289 nigrae,
375 1239 465 1276 ideo
483 1242 618 1276 vinum
637 1253 685 1276 ex
704 1239 764 1276 his
782 1242 912 1276 minus
930 1240 1163 1283 iucundum,
1180 1243 1380 1277 suaviores

204 1293 334 1336 albae,
370 1296 558 1342 quoniam
595 1306 616 1329 e
650 1293 847 1330 tralucido
882 1292 1036 1330 facilius
1072 1296 1266 1343 accipitur
1300 1307 1379 1331 aer.

204 1352 388 1383 recentes
427 1346 679 1383 stomachum
720 1353 761 1383 et
799 1349 962 1396 spiritus
1001 1346 1209 1384 inflatione
1249 1348 1379 1384 alvum

203 1401 384 1443 turbant,
405 1403 544 1450 itaque
565 1403 605 1436 in
626 1399 727 1436 febri
749 1400 994 1436 damnantur
1014 1403 1155 1450 utique
1175 1401 1378 1451 largiores.

203 1454 465 1503 gravedinem
512 1456 619 1490 enim
665 1456 787 1503 capiti
834 1455 1101 1503 morbumque
1148 1454 1378 1505 lethargum

204 1507 369 1544 faciunt.
426 1510 722 1544 innocentiores
753 1520 857 1557 quae
886 1507 1104 1557 decerptae
1134 1508 1200 1544 diu
1231 1521 1379 1558 pepen-

253 1601 264 1620 ¹
288 1606 468 1633 manantes
491 1601 587 1642 vulq„
612 1601 768 1642 Mayhoff
779 1614 786 1633 ε
815 1602 988 1633 manantis
1009 1601 1110 1639 codd„
1133 1601 1297 1644 Dellessen
1311 1602 1379 1644 for-

204 1649 286 1676 tasse
304 1650 392 1676 recte.

242 1740 256 1755 ⁰
279 1737 339 1768 See
358 1736 440 1768 XII.
457 1736 473 1776 ξ
491 1737 562 1767 132.

246 1780 258 1799 ⁶
282 1780 471 1819 Pleryqium
493 1789 561 1810 was
585 1778 643 1809 the
666 1789 766 1809 name
789 1778 896 1810 either
920 1779 967 1819 (1)
991 1779 1028 1809 of
1047 1789 1067 1809 a.
1090 1778 1240 1820 swelling
1262 1784 1299 1810 at
1321 1779 1379 1811 the

204 1824 296 1853 innor
318 1823 416 1862 angle
439 1822 476 1853 of
494 1822 554 1853 the
576 1821 676 1852 lower
698 1822 819 1862 eyelid,
842 1831 879 1852 or
902 1822 949 1860 (2)
972 1821 1011 1852 of
1029 1832 1049 1852 a
1072 1822 1153 1853 kind
1176 1822 1214 1852 of
1233 1822 1379 1854 whitlow

203 1865 449 1906 (paronychia).
497 1865 558 1896 See
574 1864 688 1896 Celsus
705 1865 783 1898 VII.
802 1866 832 1902 7,
849 1867 869 1896 4
885 1864 952 1896 and
970 1865 1029 1897 VI.
1049 1866 1099 1903 19,
1118 1866 1133 1896 l
1151 1865 1219 1896 and
1236 1866 1378 1904 Introd„

200 1919 315 1940 vin—x.

243 1956 254 1971 ⁶
278 1951 324 1983 Or
342 1951 361 1963 ‘⁴
378 1950 632 1991 particularly3'

241 1993 257 2014 ‘¹
280 1994 341 2026 See
358 2005 413 2035 pp.
433 1994 491 2025 xiv
507 1993 574 2025 and
591 1996 643 2026 70.

201 2068 273 2102 420
