1469 2299
101 282 141 311 74

375 102 568 140 PLINY:
613 103 874 140 NATURAL
908 101 1141 140 HISTORY

168 205 243 242 alvi
270 205 559 255 intellegantur
585 207 835 254 revectisque
863 207 1090 240 eximantur
1113 204 1243 241 mella.
1302 210 1343 242 et

177 278 217 312 in
234 276 427 325 Hispania
443 274 558 311 mulis
580 274 805 324 provehunt
821 274 934 310 simili
952 274 1001 310 de
1019 287 1150 317 causa,
1166 274 1343 326 (XLIV.)

167 351 408 395 tantumque
424 344 616 394 pabulum
632 344 757 381 refert
772 349 817 380 ut
832 344 952 380 mella
967 357 1127 393 quoque
1142 349 1343 380 venenata

168 415 279 452 fiant.
336 414 545 451 Heracliae
584 416 623 450 in
662 412 790 451 Ponto
829 413 1068 463 quibusdam
1107 416 1218 450 annis
1256 426 1342 463 per-

169 487 425 522 niciosissima
457 487 637 520 existunt
668 484 718 520 ab
749 483 890 520 iisdem
923 484 1062 533 apibus
1095 482 1213 520 facta.
1270 496 1342 520 nec

169 555 306 591 dixere
343 560 526 590 auctores
563 566 584 590 e
621 554 765 603 quibus
801 552 961 590 floribus
999 566 1046 589 ea
1082 553 1239 596 fierent,
1274 566 1344 590 nos

170 625 374 662 trademus
405 637 508 674 quae
539 626 802 673 conperimus.
858 623 982 660 herba
1004 628 1065 659 est
1087 623 1137 659 ab
1159 625 1282 659 exitio
1304 628 1346 659 et

173 698 442 731 iumentorum
498 693 674 743 quidem,
729 692 799 730 sed
855 695 1068 742 praecipue
1123 705 1346 742 caprarum,

170 764 374 814 appellata
400 762 674 814 aegolethron.
730 762 845 799 huius
873 762 967 799 flore
996 764 1224 812 concipiunt
1250 775 1345 799 nox-

170 837 252 871 ium
277 836 381 870 virus
406 847 555 883 aquoso
580 845 672 869 vere
697 835 991 869 marcescentis.
1046 835 1104 868 ita
1129 832 1174 868 fit
1198 837 1244 869 ut
1268 845 1346 868 non

170 904 353 940 omnibus
391 905 503 939 annis
542 905 742 939 sentiatur
779 902 940 938 malum.
1011 904 1196 938 venenati
1235 904 1348 952 signa

173 980 267 1010 sunt
294 973 401 1023 quod
428 975 588 1009 omnino
616 986 693 1009 non
721 971 928 1015 densatur,
956 971 1062 1021 quod
1090 971 1195 1007 color
1221 974 1347 1021 magis

172 1044 313 1080 rutilus
363 1049 438 1085 est,
489 1042 585 1079 odor
635 1042 787 1078 alienus
837 1046 1117 1078 sternumenta
1165 1043 1345 1091 protinus

171 1126 347 1156 movens,
401 1112 507 1162 quod
560 1111 818 1162 ponderosius
875 1113 1047 1147 innoxio.
1104 1113 1171 1160 qui
1225 1111 1345 1147 edere

172 1184 348 1220 abiciunt
380 1195 422 1220 se
460 1182 569 1219 humi
603 1182 934 1232 refrigerationen
967 1186 1222 1231 quaerentes,
1255 1194 1346 1218 nam

175 1260 216 1290 et
247 1254 390 1290 sudore
412 1253 608 1290 diffluunt.
665 1251 841 1290 remedia
862 1257 956 1288 sunt
976 1251 1116 1295 multa,
1138 1264 1242 1301 quae
1269 1253 1348 1288 suis

174 1324 265 1360 locis
302 1324 491 1360 dicemus.
547 1322 618 1359 sed
655 1324 843 1371 quoniam
880 1323 1017 1357 statim
1054 1323 1346 1370 repraesentari

173 1394 303 1443 aliqua
345 1395 385 1429 in
419 1395 543 1429 tantis
578 1391 726 1428 insidiis
761 1396 935 1441 oportet,
970 1390 1141 1427 mulsum
1178 1396 1292 1427 vetus
1327 1403 1348 1427 e

174 1463 289 1499 melle
326 1468 491 1512 optumo
529 1468 571 1499 et
615 1467 719 1505 ruta,
756 1461 998 1497 salsamenta
1035 1463 1171 1504 etiam,
1208 1463 1239 1497 si
1276 1462 1350 1496 rei-

173 1536 327 1569 ciantur
359 1538 520 1582 sumpta
552 1532 701 1568 crebro.
765 1536 1001 1580 certumque
1035 1535 1097 1567 est
1129 1530 1169 1567 id
1201 1529 1350 1566 malum

175 1616 245 1653 per
279 1607 537 1639 excrementa
572 1601 622 1638 ad
656 1614 774 1638 canes
811 1602 933 1637 etiam
976 1601 1183 1650 pervenire
1218 1599 1351 1636 simili-

176 1679 315 1722 terque
349 1674 525 1722 torqueri
559 1684 638 1708 eos.
704 1670 876 1707 mulsum
910 1675 1047 1706 tamen
1081 1682 1130 1705 ex
1165 1682 1212 1706 eo
1245 1672 1351 1706 inve-

174 1748 349 1779 teratum
406 1745 618 1778 innocuum
667 1753 753 1777 esse
801 1745 971 1782 constat,
1021 1744 1063 1776 et
1110 1737 1350 1775 feminarum

175 1818 308 1849 cutem
343 1811 449 1848 nullo
474 1811 614 1848 melius
642 1809 845 1846 emendari
871 1822 962 1846 cum
988 1814 1111 1852 costo,
1137 1808 1352 1859 suggillata

174 1895 263 1918 cum
282 1881 380 1918 aloe.

345 1983 360 1998 ‘¹
383 1979 404 1992 ‘⁶
419 1975 738 2019 Goat-destroyer.”
903 1976 915 1996 ὓ
940 1976 1076 2008 XXIX.
1096 1977 1177 2015 §92

175 2044 246 2077 214
