1469 2299
103 340 162 370 145

106 874 164 903 146

107 1087 165 1117 147

393 124 587 160 PLINY:
633 123 895 160 NATURAL
929 121 1163 159 HISTORY

191 240 240 263 ex
278 226 378 263 facie
417 231 512 262 ante
549 225 636 262 fotu
673 230 929 275 praeparata,
965 227 1065 260 item
1100 225 1283 260 iocineris
1321 229 1363 260 et

190 283 345 317 renium
372 279 528 316 dolores
556 292 605 315 ex
633 292 737 328 aqua
763 283 899 327 potae,
927 283 969 314 et
995 290 1116 326 saepe
1144 276 1214 314 etl
1242 277 1361 326 eclig-

187 340 297 370 mate
319 347 409 369 cum
431 335 562 369 resina
583 331 870 369 terebinthina.
926 331 1130 368 calculosis
1155 336 1197 367 et
1217 330 1360 367 difficili

191 390 328 424 urinae
361 389 400 422 in
432 399 549 436 passo
581 391 623 422 et
655 385 706 422 ad
736 384 989 435 purgandam
1021 389 1157 420 cutem
1187 386 1227 420 in
1259 397 1363 433 aqua

190 440 319 477 mulsa
360 442 482 476 tritae
524 445 619 476 sunt
661 438 851 476 efficaces.
908 442 1076 487 prosunt
1118 437 1331 487 ecligmate
1348 436 1363 459 ²

191 496 366 537 iocineri,
385 495 483 530 tussi
504 498 546 529 et
564 492 649 529 colo
668 506 758 529 cum
778 491 1018 541 elelisphaco
1037 490 1192 528 modice
1211 490 1361 527 addito.

192 551 231 584 in
278 547 396 583 melle
415 547 430 569 3
479 549 650 583 sumitur
696 547 807 582 nucis
855 545 1064 581 abellanae
1111 543 1361 594 magnitudo.

192 604 304 637 aiunt
322 603 451 650 quinis
469 599 552 636 fere
574 601 842 649 praesumptis
861 599 1103 635 ebrietatem
1119 611 1199 634 non
1215 599 1365 634 sentire

192 660 366 704 potores,
395 654 630 703 vulpesque,
659 655 689 689 si
720 652 878 689 ederint
907 665 973 688 eas
1002 664 1076 688 nec
1104 653 1314 701 contingat
1343 663 1364 687 e

194 710 321 744 vicino
369 720 514 756 aquam
561 707 752 749 lambere,
799 708 910 742 mori.
965 707 1096 741 minus
1141 704 1278 741 valent
1323 706 1364 740 in

193 761 378 797 remediis
395 761 544 803 dulces,
563 766 603 796 et
620 759 695 796 hae
713 766 851 796 tamen
866 763 1056 809 purgant,
1073 760 1227 795 urinam
1244 760 1364 794 cient.

195 820 377 851 recentes
398 813 650 850 stomachum
670 812 852 862 implent.

246 867 427 904 LXXVI.
460 867 635 903 Nucibus
657 866 819 903 Graecis
839 879 929 902 cum
950 864 1122 902 absinthi
1145 867 1296 901 semine
1316 876 1365 900 ex

194 927 309 958 aceto
338 924 508 970 sumptis
537 921 698 957 morbus
728 922 861 970 regius
891 921 1020 955 sanari
1050 918 1211 962 dicitur,
1239 917 1366 954 isdem

193 975 315 1011 inlitis
346 987 416 1023 per
446 988 488 1011 se
519 977 615 1010 vitia
645 973 749 1010 sedis
781 979 822 1010 et
852 975 1039 1022 privatim
1069 971 1366 1022 condylomata,

193 1031 291 1065 item
310 1030 443 1071 tussis,
462 1030 666 1077 sanguinis
684 1030 861 1063 reiectio.

247 1081 452 1118 LXXVII.
485 1081 615 1117 Nuces
633 1080 842 1130 iuglandes
863 1079 1006 1116 Graeci
1026 1092 1049 1115 a
1067 1081 1208 1128 capitis
1226 1090 1366 1128 grave-

194 1135 286 1172 dine
316 1135 582 1184 appellavere.
640 1137 790 1171 etenim
818 1134 1004 1170 arborum
1031 1135 1208 1182 ipsarum
1235 1131 1364 1168 folior-

195 1202 343 1238 umque
381 1191 485 1225 virus
523 1191 562 1224 in
599 1188 807 1224 cerebrum
846 1192 1047 1236 penetrat.
1102 1185 1176 1222 hoc
1213 1188 1368 1221 minore

194 1248 397 1279 tormento
422 1242 492 1278 sed
509 1241 524 1264 4
551 1244 589 1278 in
616 1242 711 1277 cibis
737 1241 866 1277 nuclei
892 1240 1056 1277 faciunt.
1111 1244 1206 1276 sunt
1230 1244 1367 1275 autem

194 1302 377 1332 recentes
440 1295 706 1338 iucundiores,
769 1297 896 1331 siccae
959 1295 1262 1343 unguinosiores
1326 1298 1367 1328 et

195 1349 402 1387 stomacho
420 1349 595 1392 inutiles,
613 1348 789 1385 difficiles
806 1353 1012 1391 concoctu‚
1030 1349 1171 1396 capitis
1189 1345 1366 1382 dolorem

244 1435 255 1453 ¹
279 1439 314 1466 et
335 1445 435 1475 saepe
459 1438 493 1465 et
520 1434 629 1474 plnres
650 1434 764 1466 codffl:
789 1438 825 1464 et
849 1443 949 1474 saepe
970 1443 1012 1464 ex
1038 1432 1077 1468 E,
1104 1430 1288 1472 Detlessen:
1316 1435 1368 1462 set

198 1477 555 1561 sangn‘lErsselcclilgggte
566 1525 594 1552 el
609 1520 742 1551 iocineri
753 1520 827 1550 add.
842 1530 879 1550 ex
892 1519 1001 1550 Dios-c.
1015 1528 1091 1549 cum
1106 1518 1193 1548 lacte
1205 1516 1365 1556 Mayhoss.

242 1564 254 1611 ‘f
279 1565 311 1594 in
334 1563 431 1594 melle
450 1564 488 1599 E,
508 1562 688 1612 Dedeffwn:
719 1566 752 1593 et
774 1562 870 1593 melle
891 1561 989 1592 VdT:
1021 1571 1038 1592 e
1059 1560 1173 1596 me'le;
1206 1559 1366 1599 Maylznjf,

196 1617 252 1668 qu}
269 1606 650 1689 {ggaeggcffifflsltassgffo
667 1605 846 1685 ‘le‘llegard.,
866 1646 1036 1689 Detlefsen.

231 1753 245 1768 ⁰
268 1749 500 1789 Elelisphaeus
518 1759 584 1780 was
601 1759 689 1789 sage.
737 1748 807 1779 The
827 1751 901 1779 text
918 1747 956 1778 of
972 1746 1124 1787 Mayhoff
1144 1745 1254 1776 would
1271 1745 1365 1785 give:

190 1792 259 1823 “in
286 1803 329 1823 an
357 1792 529 1832 electuary
557 1792 638 1822 with
671 1791 752 1822 milk
779 1801 836 1823 are
862 1790 1034 1822 beneficial
1062 1789 1114 1821 for
1141 1789 1199 1820 the
1227 1788 1320 1824 liver,
1347 1799 1367 1819 a

189 1835 309 1876 cough,
334 1835 402 1866 and
426 1835 519 1872 colic,
543 1835 571 1865 if
591 1845 610 1865 a
634 1834 722 1865 little
745 1833 965 1874 elelisphacus
987 1834 1024 1864 be
1048 1832 1158 1863 added
1184 1833 1217 1862 in
1237 1831 1366 1871 honey;

190 1878 248 1909 the
277 1878 357 1909 dose
385 1879 412 1909 is
436 1888 455 1908 a
479 1879 571 1918 piece
600 1878 656 1908 the
676 1879 741 1908 size
766 1877 804 1908 of
824 1887 844 1907 a
868 1875 1015 1913 filbert,''
1040 1875 1091 1907 i.e.
1118 1875 1175 1906 the
1195 1875 1365 1914 electuary

189 1920 310 1952 should
328 1920 368 1951 be
384 1921 422 1951 of
434 1920 501 1951 this
516 1921 592 1951 size.

233 1963 245 1982 θ
271 1964 290 1976 “
305 1963 412 1994 Greek
431 1967 510 1994 nuts
525 1963 544 1975 ”
562 1973 646 1993 were
664 1962 772 1993 Greek
790 1961 956 1998 almonds,
975 1960 1171 1992 mentioned
1190 1959 1233 2001 by
1251 1959 1364 1991 Celsus

190 2006 249 2039 IV.
270 2008 319 2044 10,
337 2006 405 2037 and
423 2006 520 2047 Pliny
539 2006 633 2038 XVI.
650 2006 665 2046 ξ
685 2006 754 2037 138.

193 2062 262 2099 512
