<?xml version="1.0" encoding="UTF-8"?>
<!DOCTYPE html PUBLIC "-//W3C//DTD XHTML 1.0 Transitional//EN"
    "http://www.w3.org/TR/xhtml1/DTD/xhtml1-transitional.dtd">
<html xmlns="http://www.w3.org/1999/xhtml" xml:lang="en" lang="en">
 <head>
  <title>
</title>
<meta http-equiv="Content-Type" content="text/html;charset=utf-8" />
  <meta name='ocr-system' content='tesseract 3.04.00' />
  <meta name='ocr-capabilities' content='ocr_page ocr_carea ocr_par ocr_line ocrx_word'/>
</head>
<body>
  <div class='ocr_page' id='page_1' title='image "./naturalhistory06plinuoft_0236.png"; bbox 0 0 1469 2299; ppageno 0'>
   <div class='ocr_carea' id='block_1_1' title="bbox 107 579 147 610">
    <p class='ocr_par' dir='ltr' id='par_1_1' title="bbox 107 579 147 610">
     <span class='ocr_line' id='line_1_1' title="bbox 107 579 147 610; baseline -0.025 0"><span class='ocrx_word' id='word_1_1' title='bbox 107 579 147 610; x_wconf 82' lang='lat'>63</span> 
     </span>
    </p>
   </div>
   <div class='ocr_carea' id='block_1_2' title="bbox 107 793 148 824">
    <p class='ocr_par' dir='ltr' id='par_1_2' title="bbox 107 793 148 824">
     <span class='ocr_line' id='line_1_2' title="bbox 107 793 148 824; baseline -0.049 0"><span class='ocrx_word' id='word_1_2' title='bbox 107 793 148 824; x_wconf 78' lang='lat'>64</span> 
     </span>
    </p>
   </div>
   <div class='ocr_carea' id='block_1_3' title="bbox 109 1330 149 1359">
    <p class='ocr_par' dir='ltr' id='par_1_3' title="bbox 109 1330 149 1359">
     <span class='ocr_line' id='line_1_3' title="bbox 109 1330 149 1359; baseline 0 0"><span class='ocrx_word' id='word_1_3' title='bbox 109 1330 149 1359; x_wconf 78' lang='lat'>65</span> 
     </span>
    </p>
   </div>
   <div class='ocr_carea' id='block_1_4' title="bbox 376 97 1144 136">
    <p class='ocr_par' dir='ltr' id='par_1_4' title="bbox 376 97 1144 136">
     <span class='ocr_line' id='line_1_4' title="bbox 376 97 1144 136; baseline 0.001 -2"><span class='ocrx_word' id='word_1_4' title='bbox 376 97 571 136; x_wconf 80' lang='lat' dir='ltr'>PLINY:</span> <span class='ocrx_word' id='word_1_5' title='bbox 616 98 877 136; x_wconf 89' lang='lat' dir='ltr'><strong>NATURAL</strong></span> <span class='ocrx_word' id='word_1_6' title='bbox 910 98 1144 136; x_wconf 83' lang='lat' dir='ltr'>HISTORY</span> 
     </span>
    </p>
   </div>
   <div class='ocr_carea' id='block_1_5' title="bbox 171 199 1352 1480">
    <p class='ocr_par' dir='ltr' id='par_1_5' title="bbox 174 199 1348 567">
     <span class='ocr_line' id='line_1_5' title="bbox 175 199 1346 249; baseline 0.001 -14"><span class='ocrx_word' id='word_1_7' title='bbox 175 201 259 235; x_wconf 88' lang='lat' dir='ltr'>erui</span> <span class='ocrx_word' id='word_1_8' title='bbox 284 205 375 249; x_wconf 87' lang='lat' dir='ltr'>post</span> <span class='ocrx_word' id='word_1_9' title='bbox 401 201 698 249; x_wconf 79' lang='lat' dir='ltr'>aequinoctium</span> <span class='ocrx_word' id='word_1_10' title='bbox 724 213 891 236; x_wconf 88' lang='lat' dir='ltr'>vernum</span> <span class='ocrx_word' id='word_1_11' title='bbox 915 199 1104 236; x_wconf 81' lang='lat' dir='ltr'>radicitus</span> <span class='ocrx_word' id='word_1_12' title='bbox 1129 202 1346 249; x_wconf 81' lang='lat' dir='ltr'>siccarique</span> 
     </span>
     <span class='ocr_line' id='line_1_6' title="bbox 174 253 1347 301; baseline 0.001 -13"><span class='ocrx_word' id='word_1_13' title='bbox 174 253 225 289; x_wconf 89' lang='lat' dir='ltr'>ad</span> <span class='ocrx_word' id='word_1_14' title='bbox 250 253 386 289; x_wconf 90' lang='lat' dir='ltr'>lunam</span> <span class='ocrx_word' id='word_1_15' title='bbox 415 266 488 290; x_wconf 59' lang='lat' dir='ltr'>xxx</span> <span class='ocrx_word' id='word_1_16' title='bbox 518 253 673 297; x_wconf 88' lang='lat' dir='ltr'>diebus,</span> <span class='ocrx_word' id='word_1_17' title='bbox 702 255 760 289; x_wconf 92' lang='lat' dir='ltr'>ita</span> <span class='ocrx_word' id='word_1_18' title='bbox 788 253 920 289; x_wconf 89' lang='lat' dir='ltr'>lucere</span> <span class='ocrx_word' id='word_1_19' title='bbox 951 254 1145 289; x_wconf 87' lang='lat' dir='ltr'>noctibus.</span> <span class='ocrx_word' id='word_1_20' title='bbox 1204 253 1347 301; x_wconf 80' lang='lat' dir='ltr'>Magos</span> 
     </span>
     <span class='ocr_line' id='line_1_7' title="bbox 175 305 1348 356; baseline 0.001 -15"><span class='ocrx_word' id='word_1_21' title='bbox 175 305 495 356; x_wconf 80' lang='lat' dir='ltr'>Parthorumque</span> <span class='ocrx_word' id='word_1_22' title='bbox 526 319 641 356; x_wconf 81' lang='lat' dir='ltr'>reges</span> <span class='ocrx_word' id='word_1_23' title='bbox 673 306 747 343; x_wconf 85' lang='lat' dir='ltr'>hac</span> <span class='ocrx_word' id='word_1_24' title='bbox 777 306 901 343; x_wconf 87' lang='lat' dir='ltr'>herba</span> <span class='ocrx_word' id='word_1_25' title='bbox 934 309 991 342; x_wconf 85' lang='lat' dir='ltr'>uti</span> <span class='ocrx_word' id='word_1_26' title='bbox 1023 306 1073 342; x_wconf 89' lang='lat' dir='ltr'>ad</span> <span class='ocrx_word' id='word_1_27' title='bbox 1105 312 1197 343; x_wconf 87' lang='lat' dir='ltr'>vota</span> <span class='ocrx_word' id='word_1_28' title='bbox 1229 309 1348 343; x_wconf 88' lang='lat' dir='ltr'>susci-</span> 
     </span>
     <span class='ocr_line' id='line_1_8' title="bbox 176 359 1346 409; baseline 0 -14"><span class='ocrx_word' id='word_1_29' title='bbox 176 360 333 408; x_wconf 84' lang='lat' dir='ltr'>pienda.</span> <span class='ocrx_word' id='word_1_30' title='bbox 411 360 581 397; x_wconf 89' lang='lat' dir='ltr'>eandem</span> <span class='ocrx_word' id='word_1_31' title='bbox 626 362 755 396; x_wconf 88' lang='lat' dir='ltr'>vocari</span> <span class='ocrx_word' id='word_1_32' title='bbox 799 359 1114 409; x_wconf 83' lang='lat' dir='ltr'>chenamychen,</span> <span class='ocrx_word' id='word_1_33' title='bbox 1160 362 1346 409; x_wconf 88' lang='lat' dir='ltr'>quoniam</span> 
     </span>
     <span class='ocr_line' id='line_1_9' title="bbox 175 414 1347 463; baseline 0 -14"><span class='ocrx_word' id='word_1_34' title='bbox 175 426 334 450; x_wconf 78' lang='lat' dir='ltr'>anseres</span> <span class='ocrx_word' id='word_1_35' title='bbox 373 426 395 449; x_wconf 90' lang='lat' dir='ltr'>a</span> <span class='ocrx_word' id='word_1_36' title='bbox 432 416 559 463; x_wconf 88' lang='lat' dir='ltr'>primo</span> <span class='ocrx_word' id='word_1_37' title='bbox 597 419 814 462; x_wconf 88' lang='lat' dir='ltr'>conspectu</span> <span class='ocrx_word' id='word_1_38' title='bbox 853 415 936 450; x_wconf 87' lang='lat' dir='ltr'>eius</span> <span class='ocrx_word' id='word_1_39' title='bbox 975 419 1259 462; x_wconf 80' lang='lat' dir='ltr'>expavescant,</span> <span class='ocrx_word' id='word_1_40' title='bbox 1297 414 1347 449; x_wconf 84' lang='lat' dir='ltr'>ab</span> 
     </span>
     <span class='ocr_line' id='line_1_10' title="bbox 175 466 1348 516; baseline 0 -14"><span class='ocrx_word' id='word_1_41' title='bbox 175 466 258 503; x_wconf 89' lang='lat' dir='ltr'>aliis</span> <span class='ocrx_word' id='word_1_42' title='bbox 308 467 537 516; x_wconf 63' lang='lat' dir='ltr'>nyctalopa„</span> <span class='ocrx_word' id='word_1_43' title='bbox 588 470 777 516; x_wconf 88' lang='lat' dir='ltr'>quoniam</span> <span class='ocrx_word' id='word_1_44' title='bbox 827 479 849 503; x_wconf 87' lang='lat' dir='ltr'>e</span> <span class='ocrx_word' id='word_1_45' title='bbox 898 466 1115 516; x_wconf 85' lang='lat' dir='ltr'>longinquo</span> <span class='ocrx_word' id='word_1_46' title='bbox 1166 467 1348 504; x_wconf 90' lang='lat' dir='ltr'>noctibus</span> 
     </span>
     <span class='ocr_line' id='line_1_11' title="bbox 175 519 343 567; baseline 0 -11"><span class='ocrx_word' id='word_1_47' title='bbox 175 519 343 567; x_wconf 67' lang='lat' dir='ltr'>fulgeat.</span> 
     </span>
    </p>

    <p class='ocr_par' dir='ltr' id='par_1_6' title="bbox 174 572 1350 771">
     <span class='ocr_line' id='line_1_12' title="bbox 224 572 1350 623; baseline -0.001 -14"><span class='ocrx_word' id='word_1_48' title='bbox 224 573 434 610; x_wconf 77' lang='lat' dir='ltr'>XXXVII.</span> <span class='ocrx_word' id='word_1_49' title='bbox 466 573 670 610; x_wconf 90' lang='lat' dir='ltr'>Melilotos</span> <span class='ocrx_word' id='word_1_50' title='bbox 693 574 842 623; x_wconf 90' lang='lat' dir='ltr'>ubique</span> <span class='ocrx_word' id='word_1_51' title='bbox 865 575 1054 615; x_wconf 86' lang='lat' dir='ltr'>nascitur,</span> <span class='ocrx_word' id='word_1_52' title='bbox 1077 572 1350 610; x_wconf 86' lang='lat' dir='ltr'>laudatissima</span> 
     </span>
     <span class='ocr_line' id='line_1_13' title="bbox 175 626 1350 676; baseline -0.001 -13"><span class='ocrx_word' id='word_1_53' title='bbox 175 632 314 663; x_wconf 86' lang='lat' dir='ltr'>tamen</span> <span class='ocrx_word' id='word_1_54' title='bbox 340 629 379 663; x_wconf 91' lang='lat' dir='ltr'>in</span> <span class='ocrx_word' id='word_1_55' title='bbox 404 628 555 670; x_wconf 89' lang='lat' dir='ltr'>Attica,</span> <span class='ocrx_word' id='word_1_56' title='bbox 580 628 821 676; x_wconf 90' lang='lat' dir='ltr'>ubicumque</span> <span class='ocrx_word' id='word_1_57' title='bbox 844 640 938 663; x_wconf 88' lang='lat' dir='ltr'>vero</span> <span class='ocrx_word' id='word_1_58' title='bbox 960 640 1098 663; x_wconf 87' lang='lat' dir='ltr'>recens</span> <span class='ocrx_word' id='word_1_59' title='bbox 1122 639 1195 663; x_wconf 86' lang='lat' dir='ltr'>nec</span> <span class='ocrx_word' id='word_1_60' title='bbox 1217 626 1350 663; x_wconf 91' lang='lat' dir='ltr'>candi—</span> 
     </span>
     <span class='ocr_line' id='line_1_14' title="bbox 174 680 1349 730; baseline -0.001 -13"><span class='ocrx_word' id='word_1_61' title='bbox 174 694 268 717; x_wconf 88' lang='lat' dir='ltr'>cans</span> <span class='ocrx_word' id='word_1_62' title='bbox 296 686 338 717; x_wconf 88' lang='lat' dir='ltr'>et</span> <span class='ocrx_word' id='word_1_63' title='bbox 365 694 478 717; x_wconf 91' lang='lat' dir='ltr'>croco</span> <span class='ocrx_word' id='word_1_64' title='bbox 507 694 626 730; x_wconf 88' lang='lat' dir='ltr'>quam</span> <span class='ocrx_word' id='word_1_65' title='bbox 654 681 866 724; x_wconf 87' lang='lat' dir='ltr'>simillima,</span> <span class='ocrx_word' id='word_1_66' title='bbox 894 694 1137 730; x_wconf 90' lang='lat' dir='ltr'>quamquam</span> <span class='ocrx_word' id='word_1_67' title='bbox 1165 682 1205 716; x_wconf 91' lang='lat' dir='ltr'>in</span> <span class='ocrx_word' id='word_1_68' title='bbox 1234 680 1349 717; x_wconf 91' lang='lat' dir='ltr'>Italia</span> 
     </span>
     <span class='ocr_line' id='line_1_15' title="bbox 175 734 579 771; baseline 0 -1"><span class='ocrx_word' id='word_1_69' title='bbox 175 734 378 771; x_wconf 81' lang='lat' dir='ltr'>odoratior</span> <span class='ocrx_word' id='word_1_70' title='bbox 398 734 579 770; x_wconf 88' lang='lat' dir='ltr'>candida.</span> 
     </span>
    </p>

    <p class='ocr_par' dir='ltr' id='par_1_7' title="bbox 171 786 1352 1480">
     <span class='ocr_line' id='line_1_16' title="bbox 225 786 1351 837; baseline -0.002 -13"><span class='ocrx_word' id='word_1_71' title='bbox 225 787 457 824; x_wconf 77' lang='lat' dir='ltr'>XXXVIII.</span> <span class='ocrx_word' id='word_1_72' title='bbox 488 788 647 824; x_wconf 86' lang='lat' dir='ltr'>Florum</span> <span class='ocrx_word' id='word_1_73' title='bbox 675 790 802 837; x_wconf 86' lang='lat' dir='ltr'>prima</span> <span class='ocrx_word' id='word_1_74' title='bbox 826 800 894 823; x_wconf 78' lang='lat' dir='ltr'>ver</span> <span class='ocrx_word' id='word_1_75' title='bbox 918 787 1219 823; x_wconf 83' lang='lat' dir='ltr'>nuntiantiuml</span> <span class='ocrx_word' id='word_1_76' title='bbox 1251 786 1351 823; x_wconf 91' lang='lat' dir='ltr'>viola</span> 
     </span>
     <span class='ocr_line' id='line_1_17' title="bbox 176 839 1349 891; baseline -0.001 -14"><span class='ocrx_word' id='word_1_77' title='bbox 176 841 581 891; x_wconf 86' lang='lat' dir='ltr'>alba—tepidioribus</span> <span class='ocrx_word' id='word_1_78' title='bbox 617 854 710 878; x_wconf 78' lang='lat' dir='ltr'>vero</span> <span class='ocrx_word' id='word_1_79' title='bbox 747 841 839 878; x_wconf 91' lang='lat' dir='ltr'>locis</span> <span class='ocrx_word' id='word_1_80' title='bbox 876 844 998 877; x_wconf 87' lang='lat' dir='ltr'>etiam</span> <span class='ocrx_word' id='word_1_81' title='bbox 1035 839 1166 877; x_wconf 89' lang='lat' dir='ltr'>hieme</span> <span class='ocrx_word' id='word_1_82' title='bbox 1204 842 1349 876; x_wconf 89' lang='lat' dir='ltr'>emicat</span> 
     </span>
     <span class='ocr_line' id='line_1_18' title="bbox 175 894 1351 944; baseline -0.003 -12"><span class='ocrx_word' id='word_1_83' title='bbox 175 901 317 944; x_wconf 86' lang='lat' dir='ltr'>—post</span> <span class='ocrx_word' id='word_1_84' title='bbox 340 908 386 931; x_wconf 89' lang='lat' dir='ltr'>ea</span> <span class='ocrx_word' id='word_1_85' title='bbox 409 908 513 944; x_wconf 91' lang='lat' dir='ltr'>quae</span> <span class='ocrx_word' id='word_1_86' title='bbox 535 897 600 932; x_wconf 91' lang='lat' dir='ltr'>ion</span> <span class='ocrx_word' id='word_1_87' title='bbox 623 894 849 944; x_wconf 88' lang='lat' dir='ltr'>appellatur</span> <span class='ocrx_word' id='word_1_88' title='bbox 871 900 912 930; x_wconf 89' lang='lat' dir='ltr'>et</span> <span class='ocrx_word' id='word_1_89' title='bbox 935 907 1149 943; x_wconf 87' lang='lat' dir='ltr'>purpurea,</span> <span class='ocrx_word' id='word_1_90' title='bbox 1171 896 1351 943; x_wconf 84' lang='lat' dir='ltr'>proxime</span> 
     </span>
     <span class='ocr_line' id='line_1_19' title="bbox 176 947 1348 998; baseline -0.001 -14"><span class='ocrx_word' id='word_1_91' title='bbox 176 947 421 992; x_wconf 89' lang='lat' dir='ltr'>flammeum,</span> <span class='ocrx_word' id='word_1_92' title='bbox 444 948 551 998; x_wconf 90' lang='lat' dir='ltr'>quod</span> <span class='ocrx_word' id='word_1_93' title='bbox 574 947 694 998; x_wconf 82' lang='lat' dir='ltr'>phlox</span> <span class='ocrx_word' id='word_1_94' title='bbox 719 954 896 989; x_wconf 84' lang='lat' dir='ltr'>vocatur,</span> <span class='ocrx_word' id='word_1_95' title='bbox 919 948 1099 984; x_wconf 79' lang='lat' dir='ltr'>silvestre</span> <span class='ocrx_word' id='word_1_96' title='bbox 1123 947 1348 984; x_wconf 81' lang='lat' dir='ltr'>dumtaxat.</span> 
     </span>
     <span class='ocr_line' id='line_1_20' title="bbox 176 1001 1350 1051; baseline -0.001 -13"><span class='ocrx_word' id='word_1_97' title='bbox 176 1001 441 1051; x_wconf 72' lang='lat' dir='ltr'>cyclaminum</span> <span class='ocrx_word' id='word_1_98' title='bbox 472 1003 531 1038; x_wconf 91' lang='lat' dir='ltr'>bis</span> <span class='ocrx_word' id='word_1_99' title='bbox 564 1015 681 1042; x_wconf 80' lang='lat' dir='ltr'>anno,</span> <span class='ocrx_word' id='word_1_100' title='bbox 714 1015 806 1038; x_wconf 87' lang='lat' dir='ltr'>vere</span> <span class='ocrx_word' id='word_1_101' title='bbox 838 1007 881 1038; x_wconf 91' lang='lat' dir='ltr'>et</span> <span class='ocrx_word' id='word_1_102' title='bbox 912 1007 1118 1038; x_wconf 89' lang='lat' dir='ltr'>autumno.</span> <span class='ocrx_word' id='word_1_103' title='bbox 1174 1006 1350 1037; x_wconf 86' lang='lat' dir='ltr'>aestates</span> 
     </span>
     <span class='ocr_line' id='line_1_21' title="bbox 177 1054 1352 1105; baseline -0.001 -14"><span class='ocrx_word' id='word_1_104' title='bbox 177 1055 409 1105; x_wconf 87' lang='lat' dir='ltr'>hiemesque</span> <span class='ocrx_word' id='word_1_105' title='bbox 450 1055 566 1105; x_wconf 83' lang='lat' dir='ltr'>fugit.</span> <span class='ocrx_word' id='word_1_106' title='bbox 622 1057 788 1092; x_wconf 88' lang='lat' dir='ltr'>seriores</span> <span class='ocrx_word' id='word_1_107' title='bbox 829 1068 949 1104; x_wconf 89' lang='lat' dir='ltr'>supra</span> <span class='ocrx_word' id='word_1_108' title='bbox 988 1055 1105 1091; x_wconf 89' lang='lat' dir='ltr'>dictis</span> <span class='ocrx_word' id='word_1_109' title='bbox 1146 1054 1352 1103; x_wconf 85' lang='lat' dir='ltr'>aliquanto</span> 
     </span>
     <span class='ocr_line' id='line_1_22' title="bbox 178 1107 1352 1156; baseline 0 -12"><span class='ocrx_word' id='word_1_110' title='bbox 178 1111 371 1146; x_wconf 82' lang='lat' dir='ltr'>narcissus</span> <span class='ocrx_word' id='word_1_111' title='bbox 395 1115 437 1146; x_wconf 92' lang='lat' dir='ltr'>et</span> <span class='ocrx_word' id='word_1_112' title='bbox 460 1109 583 1146; x_wconf 90' lang='lat' dir='ltr'>lilium</span> <span class='ocrx_word' id='word_1_113' title='bbox 607 1114 717 1146; x_wconf 88' lang='lat' dir='ltr'>trans</span> <span class='ocrx_word' id='word_1_114' title='bbox 741 1111 879 1151; x_wconf 86' lang='lat' dir='ltr'>maria,</span> <span class='ocrx_word' id='word_1_115' title='bbox 902 1111 942 1144; x_wconf 90' lang='lat' dir='ltr'>in</span> <span class='ocrx_word' id='word_1_116' title='bbox 966 1108 1084 1144; x_wconf 91' lang='lat' dir='ltr'>Italia</span> <span class='ocrx_word' id='word_1_117' title='bbox 1107 1107 1284 1156; x_wconf 84' lang='lat' dir='ltr'>quidem,</span> <span class='ocrx_word' id='word_1_118' title='bbox 1307 1113 1352 1144; x_wconf 92' lang='lat' dir='ltr'>ut</span> 
     </span>
     <span class='ocr_line' id='line_1_23' title="bbox 171 1161 1352 1212; baseline 0 -14"><span class='ocrx_word' id='word_1_119' title='bbox 171 1162 357 1206; x_wconf 75' lang='lat' dir='ltr'>diximus,</span> <span class='ocrx_word' id='word_1_120' title='bbox 397 1168 488 1212; x_wconf 88' lang='lat' dir='ltr'>post</span> <span class='ocrx_word' id='word_1_121' title='bbox 537 1176 680 1200; x_wconf 88' lang='lat' dir='ltr'>rosam.</span> <span class='ocrx_word' id='word_1_122' title='bbox 735 1175 872 1198; x_wconf 88' lang='lat' dir='ltr'>verum</span> <span class='ocrx_word' id='word_1_123' title='bbox 912 1164 952 1198; x_wconf 89' lang='lat' dir='ltr'>in</span> <span class='ocrx_word' id='word_1_124' title='bbox 993 1162 1161 1198; x_wconf 85' lang='lat' dir='ltr'>Graecia</span> <span class='ocrx_word' id='word_1_125' title='bbox 1200 1161 1352 1198; x_wconf 82' lang='lat' dir='ltr'>tardius</span> 
     </span>
     <span class='ocr_line' id='line_1_24' title="bbox 177 1214 1352 1253; baseline -0.001 -1"><span class='ocrx_word' id='word_1_126' title='bbox 177 1218 398 1253; x_wconf 85' lang='lat' dir='ltr'>etiamnum</span> <span class='ocrx_word' id='word_1_127' title='bbox 436 1229 644 1253; x_wconf 90' lang='lat' dir='ltr'>anemone.</span> <span class='ocrx_word' id='word_1_128' title='bbox 703 1222 764 1253; x_wconf 90' lang='lat' dir='ltr'>est</span> <span class='ocrx_word' id='word_1_129' title='bbox 802 1221 939 1252; x_wconf 90' lang='lat' dir='ltr'>autem</span> <span class='ocrx_word' id='word_1_130' title='bbox 977 1214 1075 1252; x_wconf 89' lang='lat' dir='ltr'>haec</span> <span class='ocrx_word' id='word_1_131' title='bbox 1112 1215 1352 1252; x_wconf 85' lang='lat' dir='ltr'>silvestrium</span> 
     </span>
     <span class='ocr_line' id='line_1_25' title="bbox 176 1268 1350 1319; baseline -0.001 -13"><span class='ocrx_word' id='word_1_132' title='bbox 176 1269 387 1306; x_wconf 91' lang='lat' dir='ltr'>bulborum</span> <span class='ocrx_word' id='word_1_133' title='bbox 417 1269 501 1313; x_wconf 88' lang='lat' dir='ltr'>flos,</span> <span class='ocrx_word' id='word_1_134' title='bbox 531 1270 608 1306; x_wconf 90' lang='lat' dir='ltr'>alia</span> <span class='ocrx_word' id='word_1_135' title='bbox 636 1283 757 1319; x_wconf 90' lang='lat' dir='ltr'>quam</span> <span class='ocrx_word' id='word_1_136' title='bbox 787 1282 890 1318; x_wconf 90' lang='lat' dir='ltr'>quae</span> <span class='ocrx_word' id='word_1_137' title='bbox 920 1269 1076 1306; x_wconf 87' lang='lat' dir='ltr'>dicetur</span> <span class='ocrx_word' id='word_1_138' title='bbox 1103 1270 1144 1305; x_wconf 89' lang='lat' dir='ltr'>in</span> <span class='ocrx_word' id='word_1_139' title='bbox 1172 1268 1350 1305; x_wconf 90' lang='lat' dir='ltr'>medicis.</span> 
     </span>
     <span class='ocr_line' id='line_1_26' title="bbox 177 1321 1352 1372; baseline -0.001 -13"><span class='ocrx_word' id='word_1_140' title='bbox 177 1326 358 1372; x_wconf 82' lang='lat' dir='ltr'>sequitur</span> <span class='ocrx_word' id='word_1_141' title='bbox 389 1322 592 1360; x_wconf 85' lang='lat' dir='ltr'>oenanthe</span> <span class='ocrx_word' id='word_1_142' title='bbox 625 1336 669 1360; x_wconf 89' lang='lat' dir='ltr'>ac</span> <span class='ocrx_word' id='word_1_143' title='bbox 700 1322 918 1359; x_wconf 82' lang='lat' dir='ltr'>melanium</span> <span class='ocrx_word' id='word_1_144' title='bbox 950 1328 993 1359; x_wconf 90' lang='lat' dir='ltr'>et</span> <span class='ocrx_word' id='word_1_145' title='bbox 1024 1335 1074 1359; x_wconf 89' lang='lat' dir='ltr'>ex</span> <span class='ocrx_word' id='word_1_146' title='bbox 1105 1321 1352 1359; x_wconf 86' lang='lat' dir='ltr'>silvestribus</span> 
     </span>
     <span class='ocr_line' id='line_1_27' title="bbox 177 1376 1352 1427; baseline -0.001 -15"><span class='ocrx_word' id='word_1_147' title='bbox 177 1376 459 1427; x_wconf 73' lang='lat' dir='ltr'>heliochrysos,</span> <span class='ocrx_word' id='word_1_148' title='bbox 484 1377 631 1414; x_wconf 89' lang='lat' dir='ltr'>deinde</span> <span class='ocrx_word' id='word_1_149' title='bbox 657 1376 828 1413; x_wconf 86' lang='lat' dir='ltr'>alterum</span> <span class='ocrx_word' id='word_1_150' title='bbox 853 1389 981 1426; x_wconf 86' lang='lat' dir='ltr'>genus</span> <span class='ocrx_word' id='word_1_151' title='bbox 1006 1388 1222 1412; x_wconf 89' lang='lat' dir='ltr'>anemones</span> <span class='ocrx_word' id='word_1_152' title='bbox 1248 1388 1352 1425; x_wconf 86' lang='lat' dir='ltr'>quae</span> 
     </span>
     <span class='ocr_line' id='line_1_28' title="bbox 178 1429 1352 1480; baseline -0.002 -13"><span class='ocrx_word' id='word_1_153' title='bbox 178 1430 338 1467; x_wconf 85' lang='lat' dir='ltr'>limonia</span> <span class='ocrx_word' id='word_1_154' title='bbox 385 1436 562 1474; x_wconf 86' lang='lat' dir='ltr'>vocatur,</span> <span class='ocrx_word' id='word_1_155' title='bbox 610 1436 700 1480; x_wconf 92' lang='lat' dir='ltr'>post</span> <span class='ocrx_word' id='word_1_156' title='bbox 747 1429 849 1466; x_wconf 91' lang='lat' dir='ltr'>hanc</span> <span class='ocrx_word' id='word_1_157' title='bbox 895 1429 1091 1480; x_wconf 83' lang='lat' dir='ltr'>gladiolus</span> <span class='ocrx_word' id='word_1_158' title='bbox 1138 1431 1352 1466; x_wconf 82' lang='lat' dir='ltr'>comitatus</span> 
     </span>
    </p>
   </div>
   <div class='ocr_carea' id='block_1_6' title="bbox 181 1523 1354 1608">
    <p class='ocr_par' dir='ltr' id='par_1_8' title="bbox 181 1523 1354 1608">
     <span class='ocr_line' id='line_1_29' title="bbox 227 1523 1354 1565; baseline -0.001 -9"><span class='ocrx_word' id='word_1_159' title='bbox 227 1525 239 1543; x_wconf 80' lang='lat'>¹</span> <span class='ocrx_word' id='word_1_160' title='bbox 262 1526 499 1556; x_wconf 82' lang='lat' dir='ltr'>nuntiantium</span> <span class='ocrx_word' id='word_1_161' title='bbox 534 1535 608 1556; x_wconf 83' lang='lat' dir='ltr'>cum</span> <span class='ocrx_word' id='word_1_162' title='bbox 643 1524 727 1565; x_wconf 59' lang='grc' dir='ltr'><strong><em>ταῖς.</em></strong></span> <span class='ocrx_word' id='word_1_163' title='bbox 764 1524 950 1565; x_wconf 75' lang='lat' dir='ltr'>Detlessen:</span> <span class='ocrx_word' id='word_1_164' title='bbox 1000 1523 1176 1554; x_wconf 78' lang='lat' dir='ltr'>nuntianti</span> <span class='ocrx_word' id='word_1_165' title='bbox 1209 1523 1354 1564; x_wconf 76' lang='lat' dir='ltr'>plerique</span> 
     </span>
     <span class='ocr_line' id='line_1_30' title="bbox 181 1567 657 1608; baseline 0.002 -11"><span class='ocrx_word' id='word_1_166' title='bbox 181 1568 294 1599; x_wconf 76' lang='lat' dir='ltr'>codd.:</span> <span class='ocrx_word' id='word_1_167' title='bbox 330 1569 470 1599; x_wconf 73' lang='lat' dir='ltr'>nuntiat</span> <span class='ocrx_word' id='word_1_168' title='bbox 494 1567 657 1608; x_wconf 69' lang='lat' dir='ltr'>Illayhoff.</span> 
     </span>
    </p>
   </div>
   <div class='ocr_carea' id='block_1_7' title="bbox 177 1669 1354 1753">
    <p class='ocr_par' dir='ltr' id='par_1_9' title="bbox 177 1669 1354 1753">
     <span class='ocr_line' id='line_1_31' title="bbox 219 1669 1354 1752; baseline -0.003 -50"><span class='ocrx_word' id='word_1_169' title='bbox 219 1674 234 1689; x_wconf 80' lang='lat'><strong>⁰</strong></span> <span class='ocrx_word' id='word_1_170' title='bbox 257 1671 407 1752; x_wconf 42' lang='lat' dir='ltr'>Because</span> <span class='ocrx_word' id='word_1_171' title='bbox 428 1672 455 1701; x_wconf 73' lang='lat' dir='ltr'>it</span> <span class='ocrx_word' id='word_1_172' title='bbox 475 1670 575 1702; x_wconf 84' lang='lat' dir='ltr'>made</span> <span class='ocrx_word' id='word_1_173' title='bbox 594 1680 691 1712; x_wconf 79' lang='lat' dir='ltr'>geese</span> <span class='ocrx_word' id='word_1_174' title='bbox 708 1673 832 1710; x_wconf 88' lang='grc' dir='ltr'>(χῆνες)</span> <span class='ocrx_word' id='word_1_175' title='bbox 852 1680 916 1701; x_wconf 88' lang='lat' dir='ltr'>run</span> <span class='ocrx_word' id='word_1_176' title='bbox 936 1670 970 1700; x_wconf 85' lang='lat' dir='ltr'>in</span> <span class='ocrx_word' id='word_1_177' title='bbox 991 1669 1092 1710; x_wconf 84' lang='lat' dir='ltr'>pam&#39;c</span> <span class='ocrx_word' id='word_1_178' title='bbox 1111 1669 1185 1700; x_wconf 75' lang='lat' dir='ltr'>into</span> <span class='ocrx_word' id='word_1_179' title='bbox 1200 1679 1220 1700; x_wconf 88' lang='lat' dir='ltr'>a</span> <span class='ocrx_word' id='word_1_180' title='bbox 1236 1678 1354 1700; x_wconf 84' lang='lat' dir='ltr'>corner</span> 
     </span>
     <span class='ocr_line' id='line_1_32' title="bbox 177 1712 316 1753; baseline 0 -7"><span class='ocrx_word' id='word_1_181' title='bbox 177 1712 290 1753; x_wconf 81' lang='grc' dir='ltr'><em>(μύχος</em></span> <span class='ocrx_word' id='word_1_182' title='bbox 309 1738 316 1745; x_wconf 90' lang='grc'><strong>.</strong></span> 
     </span>
    </p>
   </div>
   <div class='ocr_carea' id='block_1_8' title="bbox 217 1753 1282 1882">
    <p class='ocr_par' dir='ltr' id='par_1_10' title="bbox 217 1753 1282 1882">
     <span class='ocr_line' id='line_1_33' title="bbox 224 1753 1264 1796; baseline -0.002 -9"><span class='ocrx_word' id='word_1_183' title='bbox 224 1757 235 1776; x_wconf 66' lang='lat'><em>⁶</em></span> <span class='ocrx_word' id='word_1_184' title='bbox 259 1757 320 1788; x_wconf 83' lang='lat' dir='ltr'>See</span> <span class='ocrx_word' id='word_1_185' title='bbox 341 1756 357 1796; x_wconf 64' lang='grc' dir='ltr'><strong>ξ</strong></span> <span class='ocrx_word' id='word_1_186' title='bbox 374 1755 426 1787; x_wconf 90' lang='lat'>53.</span> <span class='ocrx_word' id='word_1_187' title='bbox 672 1760 684 1775; x_wconf 73' lang='lat'><strong><em>⁶</em></strong></span> <span class='ocrx_word' id='word_1_188' title='bbox 706 1755 768 1787; x_wconf 86' lang='lat' dir='ltr'>See</span> <span class='ocrx_word' id='word_1_189' title='bbox 784 1755 800 1794; x_wconf 69' lang='grc' dir='ltr'><strong>ξ</strong></span> <span class='ocrx_word' id='word_1_190' title='bbox 816 1754 869 1786; x_wconf 83' lang='grc'>27.</span> <span class='ocrx_word' id='word_1_191' title='bbox 1063 1753 1077 1773; x_wconf 70' lang='lat'><em>⁶</em></span> <span class='ocrx_word' id='word_1_192' title='bbox 1101 1754 1162 1785; x_wconf 79' lang='lat' dir='ltr'>See</span> <span class='ocrx_word' id='word_1_193' title='bbox 1179 1753 1195 1793; x_wconf 67' lang='grc' dir='ltr'><em>ξ</em></span> <span class='ocrx_word' id='word_1_194' title='bbox 1211 1753 1264 1785; x_wconf 90' lang='grc'>59.</span> 
     </span>
     <span class='ocr_line' id='line_1_34' title="bbox 217 1796 1282 1839; baseline -0.002 -9"><span class='ocrx_word' id='word_1_195' title='bbox 217 1804 228 1818; x_wconf 74' lang='lat'><strong>‘</strong></span> <span class='ocrx_word' id='word_1_196' title='bbox 251 1800 312 1831; x_wconf 85' lang='lat' dir='ltr'>See</span> <span class='ocrx_word' id='word_1_197' title='bbox 330 1799 442 1830; x_wconf 80' lang='lat' dir='ltr'>XXV.</span> <span class='ocrx_word' id='word_1_198' title='bbox 459 1798 475 1839; x_wconf 65' lang='grc' dir='ltr'>ξ</span> <span class='ocrx_word' id='word_1_199' title='bbox 492 1800 544 1830; x_wconf 86' lang='grc'>67.</span> <span class='ocrx_word' id='word_1_200' title='bbox 665 1796 682 1821; x_wconf 76' lang='lat' dir='ltr'><strong><em>s</em></strong></span> <span class='ocrx_word' id='word_1_201' title='bbox 700 1798 762 1830; x_wconf 83' lang='lat' dir='ltr'>See</span> <span class='ocrx_word' id='word_1_202' title='bbox 777 1798 794 1838; x_wconf 82' lang='lat'>§</span> <span class='ocrx_word' id='word_1_203' title='bbox 809 1797 861 1829; x_wconf 79' lang='lat'>22.</span> <span class='ocrx_word' id='word_1_204' title='bbox 1063 1801 1076 1821; x_wconf 67' lang='grc' dir='ltr'><strong><em>θ</em></strong></span> <span class='ocrx_word' id='word_1_205' title='bbox 1100 1797 1161 1829; x_wconf 85' lang='lat' dir='ltr'>See</span> <span class='ocrx_word' id='word_1_206' title='bbox 1178 1798 1192 1836; x_wconf 83' lang='lat'>§</span> <span class='ocrx_word' id='word_1_207' title='bbox 1210 1797 1282 1828; x_wconf 85' lang='lat'>164.</span> 
     </span>
     <span class='ocr_line' id='line_1_35' title="bbox 217 1840 439 1882; baseline -0.018 -7"><span class='ocrx_word' id='word_1_208' title='bbox 217 1840 230 1860; x_wconf 75' lang='lat'>&#39;¹</span> <span class='ocrx_word' id='word_1_209' title='bbox 254 1843 315 1874; x_wconf 85' lang='lat' dir='ltr'>See</span> <span class='ocrx_word' id='word_1_210' title='bbox 332 1841 348 1882; x_wconf 63' lang='grc' dir='ltr'>ξ</span> <span class='ocrx_word' id='word_1_211' title='bbox 368 1841 439 1872; x_wconf 90' lang='grc'>167.</span> 
     </span>
    </p>
   </div>
   <div class='ocr_carea' id='block_1_9' title="bbox 176 1881 1353 2009">
    <p class='ocr_par' dir='ltr' id='par_1_11' title="bbox 176 1881 1353 2009">
     <span class='ocr_line' id='line_1_36' title="bbox 221 1881 1353 1924; baseline -0.003 -9"><span class='ocrx_word' id='word_1_212' title='bbox 221 1884 229 1903; x_wconf 78' lang='lat'>²&#39;</span> <span class='ocrx_word' id='word_1_213' title='bbox 252 1885 391 1916; x_wconf 83' lang='lat' dir='ltr'>“Black</span> <span class='ocrx_word' id='word_1_214' title='bbox 420 1883 560 1915; x_wconf 79' lang='lat' dir='ltr'>violet.’‘</span> <span class='ocrx_word' id='word_1_215' title='bbox 606 1884 668 1916; x_wconf 79' lang='lat' dir='ltr'>See</span> <span class='ocrx_word' id='word_1_216' title='bbox 696 1883 952 1924; x_wconf 79' lang='lat' dir='ltr'>Theophrastus</span> <span class='ocrx_word' id='word_1_217' title='bbox 981 1881 1071 1914; x_wconf 88' lang='lat' dir='ltr'><em>H.P.</em></span> <span class='ocrx_word' id='word_1_218' title='bbox 1096 1881 1155 1913; x_wconf 93' lang='lat' dir='ltr'>VI.</span> <span class='ocrx_word' id='word_1_219' title='bbox 1180 1882 1212 1919; x_wconf 87' lang='lat'>6,</span> <span class='ocrx_word' id='word_1_220' title='bbox 1236 1882 1255 1913; x_wconf 90' lang='lat'><strong>3</strong></span> <span class='ocrx_word' id='word_1_221' title='bbox 1284 1881 1353 1912; x_wconf 86' lang='lat' dir='ltr'>and</span> 
     </span>
     <span class='ocr_line' id='line_1_37' title="bbox 176 1926 745 1965; baseline -0.004 -7"><span class='ocrx_word' id='word_1_222' title='bbox 176 1931 206 1965; x_wconf 86' lang='lat'>8,</span> <span class='ocrx_word' id='word_1_223' title='bbox 227 1929 241 1958; x_wconf 91' lang='lat' dir='ltr'>l</span> <span class='ocrx_word' id='word_1_224' title='bbox 260 1927 329 1958; x_wconf 89' lang='lat' dir='ltr'>and</span> <span class='ocrx_word' id='word_1_225' title='bbox 346 1929 376 1959; x_wconf 86' lang='lat'>2.</span> <span class='ocrx_word' id='word_1_226' title='bbox 424 1926 494 1957; x_wconf 91' lang='lat' dir='ltr'>Our</span> <span class='ocrx_word' id='word_1_227' title='bbox 509 1929 612 1958; x_wconf 76' lang='lat' dir='ltr'>sweet</span> <span class='ocrx_word' id='word_1_228' title='bbox 628 1926 745 1957; x_wconf 78' lang='lat' dir='ltr'>violet.</span> 
     </span>
     <span class='ocr_line' id='line_1_38' title="bbox 215 1969 806 2009; baseline -0.007 -8"><span class='ocrx_word' id='word_1_229' title='bbox 215 1970 228 1994; x_wconf 69' lang='lat'>5</span> <span class='ocrx_word' id='word_1_230' title='bbox 252 1971 272 1983; x_wconf 85' lang='lat'>“</span> <span class='ocrx_word' id='word_1_231' title='bbox 287 1970 392 2001; x_wconf 83' lang='lat' dir='ltr'>Little</span> <span class='ocrx_word' id='word_1_232' title='bbox 415 1970 561 2001; x_wconf 86' lang='lat' dir='ltr'>sword.’&#39;</span> <span class='ocrx_word' id='word_1_233' title='bbox 608 1970 669 2001; x_wconf 83' lang='lat' dir='ltr'>See</span> <span class='ocrx_word' id='word_1_234' title='bbox 693 1969 709 2009; x_wconf 65' lang='grc' dir='ltr'><strong>ξ</strong></span> <span class='ocrx_word' id='word_1_235' title='bbox 736 1969 806 1999; x_wconf 89' lang='lat'>107.</span> 
     </span>
    </p>
   </div>
   <div class='ocr_carea' id='block_1_10' title="bbox 175 2031 244 2067">
    <p class='ocr_par' dir='ltr' id='par_1_12' title="bbox 175 2031 244 2067">
     <span class='ocr_line' id='line_1_39' title="bbox 175 2031 244 2067; baseline -0.014 0"><span class='ocrx_word' id='word_1_236' title='bbox 175 2031 244 2067; x_wconf 86' lang='lat'>206</span> 
     </span>
    </p>
   </div>
  </div>
 </body>
</html>
