1469 2299
100 501 140 532 20

372 126 566 164 PLINY:
610 127 872 164 NATURAL
904 126 1139 164 HISTORY

167 231 291 265 ceteri
319 230 359 263 in
388 240 504 277 aqua.
558 230 643 277 ipsa
675 227 788 271 dura,
808 227 1009 271 fruticosa,
1037 230 1202 277 spinosis
1226 227 1340 271 foliis,

167 281 279 318 caule
309 281 548 331 geniculato,
576 281 738 318 cubitali
766 287 807 318 et
836 284 983 317 maiore
1013 281 1239 330 aliquando,
1266 281 1341 316 alia

165 335 351 378 albicans,
369 335 443 370 alia
464 337 589 384 nigra,
604 335 736 372 radice
756 334 943 377 odorata;
978 340 1020 371 et
1038 337 1165 371 sativa
1180 334 1342 384 quidem

166 394 240 431 est,
269 388 340 425 sed
368 394 510 437 sponte
539 391 712 425 nascitur
738 390 779 424 in
808 390 955 438 asperis
986 394 1027 424 et
1055 390 1203 424 saxosis
1233 393 1275 424 et
1301 390 1342 423 in

165 442 344 478 litoribus
364 444 482 478 maris
507 441 640 478 durior
665 444 905 492 nigriorque,
931 441 1023 478 folio
1049 444 1139 490 apii.

219 495 288 531 IX.
319 495 379 531 Ex
400 494 458 532 his
478 495 689 532 candidam
709 498 831 532 nostri
851 500 1013 531 centum
1034 497 1166 544 capita
1186 500 1340 531 vocant.

166 561 303 585 omnes
320 548 498 585 eiusdem
515 547 693 592 effectus,
708 548 820 585 caule
838 554 879 585 et
895 549 1026 584 radice
1042 551 1081 584 in
1097 549 1203 584 cibos
1220 547 1343 584 Grae-

167 615 302 638 corum
318 604 488 651 receptis
506 608 675 651 utroque
691 602 823 645 modo,
839 604 920 638 sive
936 614 1107 651 coquere
1122 601 1245 638 libeat
1261 603 1342 637 sive

166 655 289 692 cruda
313 658 429 692 vesci.
484 661 761 705 portentosum
789 661 850 692 est
876 655 982 705 quod
1007 655 1058 691 de
1085 667 1132 691 ea
1157 655 1342 698 traditur,

166 709 339 745 radicem
363 711 445 745 eius
468 709 698 745 alterutrius
719 722 837 745 sexus
859 708 1158 745 similitudinem
1179 707 1342 751 referre,

166 776 253 799 raro
283 763 479 805 inventu,l
502 768 566 799 set
595 765 626 799 si
657 764 745 798 viris
777 764 990 812 contigerit
1020 775 1119 805 mas,
1153 761 1342 798 amabiles

168 816 264 852 fieri.
319 816 370 852 ob
411 815 485 852 hoc
528 821 569 852 et
611 814 815 852 Phaonem
858 815 1047 852 Lesbium
1089 815 1280 851 dilectum
1321 828 1344 851 a

167 868 341 918 Sappho,
356 869 482 906 multa
497 872 599 905 circa
613 868 686 905 hoc
701 883 779 906 non
796 868 1010 919 Magorum
1025 868 1151 905 solum
1165 871 1343 905 vanitate

168 923 238 959 sed
286 925 407 960 etiam
454 921 819 973 Pythagoricorum.
875 922 945 959 sed
988 925 1029 958 in
1073 922 1227 958 medico
1272 935 1345 958 usu

167 982 328 1025 praeter
351 990 470 1026 supra
493 976 600 1013 dicta
625 976 838 1012 auxiliatur
861 975 1144 1019 inflationibus,
1168 977 1345 1012 tormini-

167 1030 254 1073 bus,
283 1030 410 1067 cordis
440 1032 557 1073 vitiis,
586 1029 805 1073 stomacho,
834 1032 1008 1072 iocineri,
1037 1029 1276 1078 praecordiis
1303 1031 1345 1065 in

168 1096 273 1133 aqua
299 1083 439 1127 mulsa,
466 1083 559 1119 lieni
586 1086 625 1119 in
654 1096 785 1132 posca,
811 1085 910 1120 item
939 1096 988 1119 ex
1014 1082 1143 1119 mulsa
1168 1083 1344 1126 renibus,

167 1140 431 1187 stranguriae,
471 1136 747 1186 opisthotonis,
788 1138 966 1186 spasmis,
1005 1136 1163 1179 lumbis,
1201 1135 1345 1186 hydro-

171 1193 280 1240 picis,
296 1190 573 1234 comitialibus,
587 1190 798 1227 mulierum
813 1190 1028 1233 mensibus,
1043 1192 1124 1226 sive
1139 1189 1346 1226 subsidant

104 1249 147 1279 22
173 1246 255 1281 sive
282 1244 502 1287 abundent,
528 1244 813 1293 vulvarumque
838 1244 1020 1280 omnibus
1045 1246 1160 1280 vitiis.
1216 1248 1347 1279 extra-

167 1296 228 1335 hit
261 1297 383 1334 infixa
417 1300 569 1348 corpori
602 1311 692 1334 cum
726 1297 856 1334 melle.
911 1303 1096 1341 strumas,
1130 1296 1346 1346 parotidas,

177 1452 184 1458 ⁶
217 1408 230 1427 ¹
254 1410 398 1440 inventu
421 1409 491 1450 fere
519 1420 630 1441 omnes
656 1409 770 1440 codd.:
811 1410 954 1440 invento
983 1408 1014 1440 R
1041 1413 1071 1441 et
1098 1407 1263 1449 Mayhoff,
1291 1407 1348 1448 qui

175 1462 321 1483 inveniri
349 1463 433 1484 com.

213 1609 227 1624 ‘¹
252 1605 298 1637 Or
330 1604 485 1641 “hard,‘'
516 1604 695 1645 “tough.'’
739 1604 811 1635 The
839 1603 1012 1644 adjective
1040 1603 1143 1635 durae
1171 1603 1233 1634 has
1262 1603 1348 1634 both

168 1649 356 1688 meanings,
380 1647 449 1678 and
472 1658 509 1678 so
533 1647 635 1678 much
659 1646 852 1688 ambiguity
874 1647 902 1678 is
926 1646 1051 1678 caused
1073 1648 1107 1678 in
1131 1657 1151 1677 a
1174 1646 1348 1678 botanical

172 1694 325 1722 context.

217 1734 229 1753 ⁶
253 1733 439 1764 Whatever
457 1732 516 1763 the
536 1736 666 1764 correct
684 1732 826 1773 reading
844 1742 925 1773 may
946 1732 998 1768 be,
1017 1732 1087 1763 this
1106 1731 1230 1773 phrase
1248 1731 1348 1762 could

171 1778 210 1807 be
232 1777 338 1807 taken
359 1776 469 1807 either
490 1776 573 1806 with
595 1775 688 1806 what
709 1775 852 1811 follows,
874 1786 912 1806 as
933 1776 968 1806 in
989 1775 1050 1806 the
1070 1775 1288 1811 translation,
1311 1785 1348 1805 or

169 1819 250 1850 with
277 1819 336 1850 the
362 1819 544 1860 preceding
569 1823 741 1855 sentence,
768 1818 865 1849 when
894 1818 1159 1849 “sometimes”
1187 1822 1280 1849 must
1307 1817 1348 1848 be

170 1862 379 1893 understood
402 1861 517 1892 before
541 1862 561 1874 “
575 1861 720 1902 grows.”

217 1909 228 1924 ⁰
251 1905 312 1936 See
336 1904 549 1936 Dioscorides
572 1904 639 1934 III.
664 1906 717 1936 21.
765 1903 859 1935 With
882 1903 1103 1935 Wellmann‘s
1126 1903 1264 1943 reading
1288 1903 1347 1934 the

168 1948 330 1988 προφῆται
347 1948 453 1979 called
467 1957 592 1988 erynge
608 1958 627 1978 a
645 1947 722 1978 love
736 1946 852 1978 charm
870 1944 1036 1986 (ἱμερτός).
1082 1946 1163 1977 This
1187 1956 1294 1977 seems
1308 1949 1347 1977 to

168 1995 305 2032 suggest
321 1991 400 2022 that
418 1991 517 2032 Pliny
534 1989 710 2022 identified
726 1989 786 2021 the
804 1989 964 2029 προφῆται
982 1989 1065 2021 with
1082 1989 1142 2021 the
1158 1989 1258 2030 Magi.

169 2061 240 2108 308
