1469 2299
92 267 134 297 40

94 585 132 615 41

98 1225 138 1255 43

362 103 528 140 PLINY
543 116 552 139 z
595 102 858 139 NATURAL
894 102 1127 139 HISTORY

159 206 274 243 multi
298 209 509 255 inposuere
533 218 623 241 cum
648 204 774 240 farina
798 203 1009 240 hordeacia
1034 210 1075 240 et
1099 203 1334 254 genitalium

161 260 368 296 ulceribus.
424 272 516 295 suco
543 264 583 294 et
608 260 810 294 cicatrices
835 257 1035 293 oculorum
1062 262 1103 293 et
1129 257 1334 307 albugines

161 319 202 349 et
224 326 386 362 argema
406 314 614 355 inunxere,
636 317 678 347 et
698 313 944 360 serpentium
966 323 1116 347 morsus
1139 316 1180 346 et
1201 313 1334 346 omnia

160 366 292 403 ulcera
328 379 418 402 cum
454 364 587 408 melle,
624 366 723 400 item
767 364 1060 400 auricularuml
1099 377 1188 400 cum
1232 363 1335 400 lacte

161 420 385 461 mulierum,
430 424 472 455 et
514 421 553 454 in
596 418 722 454 isdem
765 420 938 454 sonitum
982 422 1052 453 aut
1094 419 1335 467 gravitatem

162 473 424 509 emendantes
465 485 554 508 cum
596 471 713 520 adipe
755 473 936 507 anserino
977 476 1048 506 aut
1088 483 1177 506 cum
1217 470 1337 506 melle

161 526 372 562 stillavere.
428 530 469 561 et
496 538 544 561 ex
571 538 675 574 aqua
699 524 918 560 bibendum
944 523 1144 560 dederunt
1169 529 1337 572 repente

162 579 542 615 obmutescentibus.
597 580 637 614 in
690 577 825 614 dolore
879 589 1038 626 quoque
1091 577 1141 614 ad
1194 577 1337 613 dentes

163 632 404 670 conluendos
427 631 668 668 instillavere
693 637 734 667 et
757 631 883 680 plagis
907 631 1125 667 bestiarum
1148 633 1338 673 omnium,

163 688 348 735 privatim
382 688 643 734 scorpionum.
698 684 894 733 alopecias
927 683 1094 720 fricuere
1130 690 1171 720 et
1205 697 1339 733 psoras

163 741 260 775 tusis
301 741 419 788 cepis.
474 744 606 775 coctas
646 738 895 788 dysintericis
936 737 1151 774 vescendas
1191 737 1340 773 dedere

164 798 206 829 et
241 798 379 828 contra
414 792 639 828 lumborum
675 791 844 834 dolores,
879 796 1146 840 purgamenta
1181 803 1340 840 quoque

164 859 301 882 earum
329 850 506 882 cremata
533 847 572 880 in
600 847 774 881 cinerem
801 844 1014 881 inlinentes
1043 857 1092 880 ex
1120 850 1234 880 aceto
1262 857 1341 880 ser-

165 902 347 948 pentium
381 899 589 941 morsibus,
624 901 809 947 ipsasque
844 897 1090 947 multipedae
1127 910 1176 934 ex
1212 903 1338 934 aceto.

166 952 333 1001 Reliqua
360 955 465 988 inter
490 952 664 988 medicos
690 954 790 987 mira
816 951 1036 988 diversitas.
1090 953 1257 1000 proximi
1284 953 1341 987 in-

165 1006 281 1043 utiles
304 1019 389 1041 esse
411 1005 649 1054 praecordiis
672 1011 713 1041 et
734 1007 992 1048 concoctioni,
1013 1004 1340 1054 inflationemque

166 1065 207 1095 et
249 1062 355 1095 sitim
399 1058 530 1095 facere
572 1058 772 1095 dixerunt.
828 1058 1074 1107 Asclepiadis
1116 1057 1249 1094 schola
1291 1057 1342 1094 ad

165 1112 334 1148 colorem
357 1125 516 1161 quoque
538 1112 710 1148 validum
732 1112 867 1161 profici
888 1111 961 1148 hoc
982 1112 1070 1148 cibo
1092 1117 1147 1155 et,
1168 1114 1199 1147 si
1220 1113 1341 1148 ieiuni

165 1166 310 1202 cotidie
367 1166 502 1208 edant,
559 1165 791 1202 firmitatem
847 1165 1084 1201 valetudinis
1139 1164 1341 1208 custodiri,

165 1218 370 1255 stomacho
407 1219 525 1256 utiles
565 1232 664 1262 esse,
702 1221 862 1268 spiritus
901 1221 1121 1268 agitatione
1160 1224 1342 1254 ventrem

164 1272 330 1315 mollire,
350 1271 672 1309 haemorrhoidas
693 1272 841 1321 pellere
854 1273 869 1296 2
884 1272 1063 1309 subditas
1084 1285 1154 1321 pro
1174 1272 1339 1315 balanis,

166 1339 302 1362 sucum
320 1339 409 1362 cum
427 1339 519 1362 suco
533 1326 692 1362 feniculi
707 1331 843 1362 contra
858 1328 1093 1375 incipientes
1110 1325 1343 1375 hydropises

166 1382 264 1415 mire
279 1379 483 1428 proficere,
498 1382 596 1416 item
612 1385 750 1415 contra
764 1382 928 1429 anginas
944 1393 1033 1416 cum
1049 1384 1139 1415 ruta
1155 1385 1196 1415 et
1211 1378 1343 1422 melle,

167 1435 331 1469 excitari
375 1433 516 1469 eadem
558 1432 809 1482 lethargicos.
864 1433 988 1469 Varro
1031 1445 1134 1482 quae
1177 1432 1258 1469 sale
1301 1437 1344 1468 et

166 1491 280 1522 aceto
293 1486 478 1535 perfusa-“⁵
492 1492 553 1523 est
567 1486 824 1536 arefactaque
836 1486 1058 1523 vermiculis
1072 1499 1150 1523 non
1165 1485 1343 1523 infestari

169 1545 306 1576 auctor
335 1546 408 1577 est.

216 1643 228 1662 ¹
253 1644 408 1684 Mayhoff
422 1644 575 1675 lacunam
593 1644 717 1675 indicat
734 1644 957 1675 Dioscoridem
976 1648 1113 1676 secutus.

217 1687 229 1707 ²
252 1688 375 1729 pellere
394 1688 497 1728 vul9.:
521 1689 651 1729 aperire
670 1689 826 1729 Mayhoff
839 1692 891 1727 (ex
908 1689 1052 1727 Dio-5⁴04:
1077 1687 1245 1728 appellere
1257 1688 1343 1718 codd.

217 1730 230 1749 ³
253 1731 389 1771 perfusa
414 1731 596 1772 Dades-sen:
621 1732 695 1772 pisa
719 1732 828 1763 coam:
853 1732 944 1772 pista
969 1731 1133 1772 Mayhoff.
1155 1731 1211 1772 qui
1236 1736 1344 1762 tamen

173 1773 313 1804 condita
330 1774 434 1805 malie.

211 1901 226 1914 ‘³
249 1898 301 1927 An
313 1897 521 1937 eye-disease
533 1897 572 1928 of
579 1898 688 1929 which
701 1897 886 1928 unnatural
898 1898 1079 1928 whiteness
1090 1898 1117 1928 is
1128 1908 1148 1928 a
1159 1901 1345 1938 symptom.

216 1939 227 1958 ⁶
250 1940 303 1970 An
319 1940 526 1980 eye-disease
542 1940 581 1971 of
591 1941 701 1971 which
717 1951 737 1971 a
752 1940 855 1971 white
871 1941 973 1981 speck
989 1951 1031 1970 on
1048 1940 1107 1970 the
1124 1939 1223 1971 black
1239 1940 1278 1970 of
1288 1940 1347 1970 the

167 1993 229 2023 eye
250 1983 278 2012 is
299 1993 318 2013 a
340 1987 525 2024 symptom.
573 1983 729 2014 Diseases
750 1983 789 2014 of
805 1984 864 2014 the
885 1993 964 2023 eyes
985 1993 1071 2014 were
1090 1993 1173 2023 very
1189 1992 1346 2013 common

171 2043 216 2079 26
